#RIC,Date[G],Time[G],GMT Offset,Type,L1-BidPrice,L1-BidSize,L1-BuyNo,L1-AskPrice,L1-AskSize,L1-SellNo,L2-BidPrice,L2-BidSize,L2-BuyNo,L2-AskPrice,L2-AskSize,L2-SellNo,L3-BidPrice,L3-BidSize,L3-BuyNo,L3-AskPrice,L3-AskSize,L3-SellNo,L4-BidPrice,L4-BidSize,L4-BuyNo,L4-AskPrice,L4-AskSize,L4-SellNo,L5-BidPrice,L5-BidSize,L5-BuyNo,L5-AskPrice,L5-AskSize,L5-SellNo,L6-BidPrice,L6-BidSize,L6-BuyNo,L6-AskPrice,L6-AskSize,L6-SellNo,L7-BidPrice,L7-BidSize,L7-BuyNo,L7-AskPrice,L7-AskSize,L7-SellNo,L8-BidPrice,L8-BidSize,L8-BuyNo,L8-AskPrice,L8-AskSize,L8-SellNo,L9-BidPrice,L9-BidSize,L9-BuyNo,L9-AskPrice,L9-AskSize,L9-SellNo,L10-BidPrice,L10-BidSize,L10-BuyNo,L10-AskPrice,L10-AskSize,L10-SellNo
ESH6,11-FEB-2016,00:00:01.108673,-6,Market Depth,,,,1839,46,5,,,,,,,,,,,,,,,,,,,,,,,,,,,,,,,,,,,,,,,,,,,,,,,,,,,,,,
ESH6,11-FEB-2016,00:00:01.108673,-6,Market Depth,1838.75,22,13,1839,46,5,,,,,,,,,,,,,,,,,,,,,,,,,,,,,,,,,,,,,,,,,,,,,,,,,,,,,,
ESH6,11-FEB-2016,00:00:01.108673,-6,Market Depth,1838.75,20,12,1839,46,5,,,,,,,,,,,,,,,,,,,,,,,,,,,,,,,,,,,,,,,,,,,,,,,,,,,,,,
ESH6,11-FEB-2016,00:00:01.108673,-6,Market Depth,1838.75,20,12,1839,46,5,,,,,,,,,,,,,,,,,,,,,,,,,,,,1840.25,40,17,,,,,,,,,,,,,,,,,,,,,,,,
ESH6,11-FEB-2016,00:00:01.108673,-6,Market Depth,1838.75,20,12,1839,44,5,,,,,,,,,,,,,,,,,,,,,,,,,,,,1840.25,40,17,,,,,,,,,,,,,,,,,,,,,,,,
ESH6,11-FEB-2016,00:00:01.108673,-6,Market Depth,1838.75,21,13,1839,44,5,,,,,,,,,,,,,,,,,,,,,,,,,,,,1840.25,40,17,,,,,,,,,,,,,,,,,,,,,,,,
ESH6,11-FEB-2016,00:00:01.108673,-6,Market Depth,1838.75,21,13,1839,43,4,,,,,,,,,,,,,,,,,,,,,,,,,,,,1840.25,40,17,,,,,,,,,,,,,,,,,,,,,,,,
ESH6,11-FEB-2016,00:00:01.108673,-6,Market Depth,1838.75,21,13,1839,42,4,,,,,,,,,,,,,,,,,,,,,,,,,,,,1840.25,40,17,,,,,,,,,,,,,,,,,,,,,,,,
ESH6,11-FEB-2016,00:00:01.108673,-6,Market Depth,1838.75,21,13,1839,42,4,1838.5,256,18,,,,,,,,,,,,,,,,,,,,,,,,,1840.25,40,17,,,,,,,,,,,,,,,,,,,,,,,,
ESH6,11-FEB-2016,00:00:01.108673,-6,Market Depth,1838.75,21,13,1839,42,4,1838.5,256,18,,,,,,,,,,,,,,,,,,,,,,,,,1840.25,40,17,,,,,,,,,,,,,,,,1841,30,18,,,,,,
ESH6,11-FEB-2016,00:00:01.108673,-6,Market Depth,1838.75,21,13,1839,42,4,1838.5,258,19,,,,,,,,,,,,,,,,,,,,,,,,,1840.25,40,17,,,,,,,,,,,,,,,,1841,30,18,,,,,,
ESH6,11-FEB-2016,00:00:01.108673,-6,Market Depth,1838.75,21,13,1839,42,4,1838.5,258,19,,,,1838.25,39,23,,,,,,,,,,,,,,,,,,,1840.25,40,17,,,,,,,,,,,,,,,,1841,30,18,,,,,,
ESH6,11-FEB-2016,00:00:01.108673,-6,Market Depth,1838.75,21,13,1839,42,4,1838.5,260,20,,,,1838.25,39,23,,,,,,,,,,,,,,,,,,,1840.25,40,17,,,,,,,,,,,,,,,,1841,30,18,,,,,,
ESH6,11-FEB-2016,00:00:01.108673,-6,Market Depth,1838.75,21,13,1839,42,4,1838.5,260,20,,,,1838.25,37,22,,,,,,,,,,,,,,,,,,,1840.25,40,17,,,,,,,,,,,,,,,,1841,30,18,,,,,,
ESH6,11-FEB-2016,00:00:01.108673,-6,Market Depth,1838.75,21,13,1839,42,4,1838.5,262,21,,,,1838.25,37,22,,,,,,,,,,,,,,,,,,,1840.25,40,17,,,,,,,,,,,,,,,,1841,30,18,,,,,,
ESH6,11-FEB-2016,00:00:01.108673,-6,Market Depth,1838.75,21,13,1839,42,4,1838.5,262,21,,,,1838.25,35,21,,,,,,,,,,,,,,,,,,,1840.25,40,17,,,,,,,,,,,,,,,,1841,30,18,,,,,,
ESH6,11-FEB-2016,00:00:01.108673,-6,Market Depth,1838.75,21,13,1839,42,4,1838.5,264,22,,,,1838.25,35,21,,,,,,,,,,,,,,,,,,,1840.25,40,17,,,,,,,,,,,,,,,,1841,30,18,,,,,,
ESH6,11-FEB-2016,00:00:01.108673,-6,Market Depth,1838.75,21,13,1839,42,4,1838.5,264,22,,,,1838.25,33,20,,,,,,,,,,,,,,,,,,,1840.25,40,17,,,,,,,,,,,,,,,,1841,30,18,,,,,,
ESH6,11-FEB-2016,00:00:01.108673,-6,Market Depth,1838.75,21,13,1839,42,4,1838.5,266,23,,,,1838.25,33,20,,,,,,,,,,,,,,,,,,,1840.25,40,17,,,,,,,,,,,,,,,,1841,30,18,,,,,,
ESH6,11-FEB-2016,00:00:01.108673,-6,Market Depth,1838.75,21,13,1839,42,4,1838.5,266,23,,,,1838.25,31,19,,,,,,,,,,,,,,,,,,,1840.25,40,17,,,,,,,,,,,,,,,,1841,30,18,,,,,,
ESH6,11-FEB-2016,00:00:01.108673,-6,Market Depth,1838.75,21,13,1839,42,4,1838.5,266,23,,,,1838.25,31,19,,,,1838,110,28,,,,,,,,,,,,,1840.25,40,17,,,,,,,,,,,,,,,,1841,30,18,,,,,,
ESH6,11-FEB-2016,00:00:01.108673,-6,Market Depth,1838.75,21,13,1839,42,4,1838.5,266,23,,,,1838.25,31,19,,,,1838,110,28,,,,1837.75,16,11,,,,,,,1840.25,40,17,,,,,,,,,,,,,,,,1841,30,18,,,,,,
ESH6,11-FEB-2016,00:00:01.666262,-6,Market Depth,1838.75,21,13,1839,44,5,1838.5,266,23,,,,1838.25,31,19,,,,1838,110,28,,,,1837.75,16,11,,,,,,,1840.25,40,17,,,,,,,,,,,,,,,,1841,30,18,,,,,,
ESH6,11-FEB-2016,00:00:01.666262,-6,Market Depth,1838.75,18,12,1839,44,5,1838.5,266,23,,,,1838.25,31,19,,,,1838,110,28,,,,1837.75,16,11,,,,,,,1840.25,40,17,,,,,,,,,,,,,,,,1841,30,18,,,,,,
ESH6,11-FEB-2016,00:00:01.666262,-6,Market Depth,1838.75,18,12,1839,44,5,1838.5,264,22,,,,1838.25,31,19,,,,1838,110,28,,,,1837.75,16,11,,,,,,,1840.25,40,17,,,,,,,,,,,,,,,,1841,30,18,,,,,,
ESH6,11-FEB-2016,00:00:01.666262,-6,Market Depth,1838.75,18,12,1839,44,5,1838.5,264,22,,,,1838.25,33,20,,,,1838,110,28,,,,1837.75,16,11,,,,,,,1840.25,40,17,,,,,,,,,,,,,,,,1841,30,18,,,,,,
ESH6,11-FEB-2016,00:00:01.666262,-6,Market Depth,1838.75,19,13,1839,44,5,1838.5,264,22,,,,1838.25,33,20,,,,1838,110,28,,,,1837.75,16,11,,,,,,,1840.25,40,17,,,,,,,,,,,,,,,,1841,30,18,,,,,,
ESH6,11-FEB-2016,00:00:01.666262,-6,Market Depth,1838.75,19,13,1839,44,5,1838.5,262,21,,,,1838.25,33,20,,,,1838,110,28,,,,1837.75,16,11,,,,,,,1840.25,40,17,,,,,,,,,,,,,,,,1841,30,18,,,,,,
ESH6,11-FEB-2016,00:00:01.666262,-6,Market Depth,1838.75,19,13,1839,44,5,1838.5,260,20,,,,1838.25,33,20,,,,1838,110,28,,,,1837.75,16,11,,,,,,,1840.25,40,17,,,,,,,,,,,,,,,,1841,30,18,,,,,,
ESH6,11-FEB-2016,00:00:01.666262,-6,Market Depth,1838.75,19,13,1839,44,5,1838.5,258,19,,,,1838.25,33,20,,,,1838,110,28,,,,1837.75,16,11,,,,,,,1840.25,40,17,,,,,,,,,,,,,,,,1841,30,18,,,,,,
ESH6,11-FEB-2016,00:00:01.666262,-6,Market Depth,1838.75,19,13,1839,44,5,1838.5,258,19,,,,1838.25,35,21,,,,1838,110,28,,,,1837.75,16,11,,,,,,,1840.25,40,17,,,,,,,,,,,,,,,,1841,30,18,,,,,,
ESH6,11-FEB-2016,00:00:01.666262,-6,Market Depth,1838.75,19,13,1839,44,5,1838.5,258,19,,,,1838.25,37,22,,,,1838,110,28,,,,1837.75,16,11,,,,,,,1840.25,40,17,,,,,,,,,,,,,,,,1841,30,18,,,,,,
ESH6,11-FEB-2016,00:00:01.666262,-6,Market Depth,1838.75,19,13,1839,44,5,1838.5,258,19,,,,1838.25,39,23,,,,1838,110,28,,,,1837.75,16,11,,,,,,,1840.25,40,17,,,,,,,,,,,,,,,,1841,30,18,,,,,,
ESH6,11-FEB-2016,00:00:01.666262,-6,Market Depth,1838.75,19,13,1839,44,5,1838.5,256,18,,,,1838.25,39,23,,,,1838,110,28,,,,1837.75,16,11,,,,,,,1840.25,40,17,,,,,,,,,,,,,,,,1841,30,18,,,,,,
ESH6,11-FEB-2016,00:00:01.666262,-6,Market Depth,1838.75,19,13,1839,44,5,1838.5,256,18,,,,1838.25,41,24,,,,1838,110,28,,,,1837.75,16,11,,,,,,,1840.25,40,17,,,,,,,,,,,,,,,,1841,30,18,,,,,,
ESH6,11-FEB-2016,00:00:01.666262,-6,Market Depth,1838.75,19,13,1839,44,5,1838.5,256,18,,,,1838.25,41,24,,,,1838,105,27,,,,1837.75,16,11,,,,,,,1840.25,40,17,,,,,,,,,,,,,,,,1841,30,18,,,,,,
ESH6,11-FEB-2016,00:00:02.137935,-6,Market Depth,1838.75,19,13,1839,44,5,1838.5,256,18,,,,1838.25,41,24,,,,1838,105,27,,,,1837.75,21,12,,,,,,,1840.25,40,17,,,,,,,,,,,,,,,,1841,30,18,,,,,,
ESH6,11-FEB-2016,00:00:02.137935,-6,Market Depth,1838.75,19,13,1839,47,6,1838.5,256,18,,,,1838.25,41,24,,,,1838,105,27,,,,1837.75,21,12,,,,,,,1840.25,40,17,,,,,,,,,,,,,,,,1841,30,18,,,,,,
ESH6,11-FEB-2016,00:00:02.137935,-6,Market Depth,1838.75,19,13,1839,46,6,1838.5,256,18,,,,1838.25,41,24,,,,1838,105,27,,,,1837.75,21,12,,,,,,,1840.25,40,17,,,,,,,,,,,,,,,,1841,30,18,,,,,,
ESH6,11-FEB-2016,00:00:02.137935,-6,Market Depth,1838.75,19,13,1839,47,7,1838.5,256,18,,,,1838.25,41,24,,,,1838,105,27,,,,1837.75,21,12,,,,,,,1840.25,40,17,,,,,,,,,,,,,,,,1841,30,18,,,,,,
ESH6,11-FEB-2016,00:00:02.150647,-6,Market Depth,1838.75,19,13,1839,48,8,1838.5,256,18,,,,1838.25,41,24,,,,1838,105,27,,,,1837.75,21,12,,,,,,,1840.25,40,17,,,,,,,,,,,,,,,,1841,30,18,,,,,,
ESH6,11-FEB-2016,00:00:02.150647,-6,Market Depth,1838.75,19,13,1839,49,9,1838.5,256,18,,,,1838.25,41,24,,,,1838,105,27,,,,1837.75,21,12,,,,,,,1840.25,40,17,,,,,,,,,,,,,,,,1841,30,18,,,,,,
ESH6,11-FEB-2016,00:00:02.150647,-6,Market Depth,1838.75,19,13,1839,50,10,1838.5,256,18,,,,1838.25,41,24,,,,1838,105,27,,,,1837.75,21,12,,,,,,,1840.25,40,17,,,,,,,,,,,,,,,,1841,30,18,,,,,,
ESH6,11-FEB-2016,00:00:02.150647,-6,Market Depth,1838.75,19,13,1839,50,10,1838.5,254,17,,,,1838.25,41,24,,,,1838,105,27,,,,1837.75,21,12,,,,,,,1840.25,40,17,,,,,,,,,,,,,,,,1841,30,18,,,,,,
ESH6,11-FEB-2016,00:00:02.320595,-6,Market Depth,1838.75,19,13,1839,50,10,1838.5,254,17,1839.25,92,23,1838.25,41,24,,,,1838,105,27,,,,1837.75,21,12,,,,,,,1840.25,40,17,,,,,,,,,,,,,,,,1841,30,18,,,,,,
ESH6,11-FEB-2016,00:00:02.320595,-6,Market Depth,1838.75,19,13,1839,50,10,1838.5,256,18,1839.25,92,23,1838.25,41,24,,,,1838,105,27,,,,1837.75,21,12,,,,,,,1840.25,40,17,,,,,,,,,,,,,,,,1841,30,18,,,,,,
ESH6,11-FEB-2016,00:00:02.320595,-6,Market Depth,1838.75,19,13,1839,50,10,1838.5,256,18,1839.25,92,23,1838.25,39,23,,,,1838,105,27,,,,1837.75,21,12,,,,,,,1840.25,40,17,,,,,,,,,,,,,,,,1841,30,18,,,,,,
ESH6,11-FEB-2016,00:00:02.320595,-6,Market Depth,1838.75,19,13,1839,50,10,1838.5,256,18,1839.25,92,23,1838.25,39,23,1839.5,107,23,1838,105,27,,,,1837.75,21,12,,,,,,,1840.25,40,17,,,,,,,,,,,,,,,,1841,30,18,,,,,,
ESH6,11-FEB-2016,00:00:02.320595,-6,Market Depth,1838.75,19,13,1839,50,10,1838.5,256,18,1839.25,90,22,1838.25,39,23,1839.5,107,23,1838,105,27,,,,1837.75,21,12,,,,,,,1840.25,40,17,,,,,,,,,,,,,,,,1841,30,18,,,,,,
ESH6,11-FEB-2016,00:00:02.320595,-6,Market Depth,1838.75,19,13,1839,50,10,1838.5,256,18,1839.25,88,21,1838.25,39,23,1839.5,107,23,1838,105,27,,,,1837.75,21,12,,,,,,,1840.25,40,17,,,,,,,,,,,,,,,,1841,30,18,,,,,,
ESH6,11-FEB-2016,00:00:02.320595,-6,Market Depth,1838.75,19,13,1839,50,10,1838.5,256,18,1839.25,88,21,1838.25,39,23,1839.5,109,24,1838,105,27,,,,1837.75,21,12,,,,,,,1840.25,40,17,,,,,,,,,,,,,,,,1841,30,18,,,,,,
ESH6,11-FEB-2016,00:00:02.320595,-6,Market Depth,1838.75,19,13,1839,50,10,1838.5,258,19,1839.25,88,21,1838.25,39,23,1839.5,109,24,1838,105,27,,,,1837.75,21,12,,,,,,,1840.25,40,17,,,,,,,,,,,,,,,,1841,30,18,,,,,,
ESH6,11-FEB-2016,00:00:02.320595,-6,Market Depth,1838.75,19,13,1839,50,10,1838.5,258,19,1839.25,88,21,1838.25,37,22,1839.5,109,24,1838,105,27,,,,1837.75,21,12,,,,,,,1840.25,40,17,,,,,,,,,,,,,,,,1841,30,18,,,,,,
ESH6,11-FEB-2016,00:00:02.320595,-6,Market Depth,1838.75,19,13,1839,50,10,1838.5,258,19,1839.25,88,21,1838.25,35,21,1839.5,109,24,1838,105,27,,,,1837.75,21,12,,,,,,,1840.25,40,17,,,,,,,,,,,,,,,,1841,30,18,,,,,,
ESH6,11-FEB-2016,00:00:02.320595,-6,Market Depth,1838.75,19,13,1839,50,10,1838.5,258,19,1839.25,88,21,1838.25,33,20,1839.5,109,24,1838,105,27,,,,1837.75,21,12,,,,,,,1840.25,40,17,,,,,,,,,,,,,,,,1841,30,18,,,,,,
ESH6,11-FEB-2016,00:00:02.320595,-6,Market Depth,1838.75,19,13,1839,50,10,1838.5,258,19,1839.25,88,21,1838.25,33,20,1839.5,111,25,1838,105,27,,,,1837.75,21,12,,,,,,,1840.25,40,17,,,,,,,,,,,,,,,,1841,30,18,,,,,,
ESH6,11-FEB-2016,00:00:02.320595,-6,Market Depth,1838.75,19,13,1839,50,10,1838.5,260,20,1839.25,88,21,1838.25,33,20,1839.5,111,25,1838,105,27,,,,1837.75,21,12,,,,,,,1840.25,40,17,,,,,,,,,,,,,,,,1841,30,18,,,,,,
ESH6,11-FEB-2016,00:00:02.320595,-6,Market Depth,1838.75,19,13,1839,50,10,1838.5,260,20,1839.25,86,20,1838.25,33,20,1839.5,111,25,1838,105,27,,,,1837.75,21,12,,,,,,,1840.25,40,17,,,,,,,,,,,,,,,,1841,30,18,,,,,,
ESH6,11-FEB-2016,00:00:02.320595,-6,Market Depth,1838.75,19,13,1839,50,10,1838.5,261,21,1839.25,86,20,1838.25,33,20,1839.5,111,25,1838,105,27,,,,1837.75,21,12,,,,,,,1840.25,40,17,,,,,,,,,,,,,,,,1841,30,18,,,,,,
ESH6,11-FEB-2016,00:00:02.320595,-6,Market Depth,1838.75,19,13,1839,50,10,1838.5,263,22,1839.25,86,20,1838.25,33,20,1839.5,111,25,1838,105,27,,,,1837.75,21,12,,,,,,,1840.25,40,17,,,,,,,,,,,,,,,,1841,30,18,,,,,,
ESH6,11-FEB-2016,00:00:02.643796,-6,Market Depth,1838.75,19,13,1839,50,10,1838.5,263,22,1839.25,86,20,1838.25,32,19,1839.5,111,25,1838,105,27,,,,1837.75,21,12,,,,,,,1840.25,40,17,,,,,,,,,,,,,,,,1841,30,18,,,,,,
ESH6,11-FEB-2016,00:00:02.643796,-6,Market Depth,1838.75,19,13,1839,50,10,1838.5,263,22,1839.25,86,20,1838.25,32,19,1839.5,113,26,1838,105,27,,,,1837.75,21,12,,,,,,,1840.25,40,17,,,,,,,,,,,,,,,,1841,30,18,,,,,,
ESH6,11-FEB-2016,00:00:02.643796,-6,Market Depth,1838.75,19,13,1839,50,10,1838.5,263,22,1839.25,86,20,1838.25,30,18,1839.5,113,26,1838,105,27,,,,1837.75,21,12,,,,,,,1840.25,40,17,,,,,,,,,,,,,,,,1841,30,18,,,,,,
ESH6,11-FEB-2016,00:00:02.643796,-6,Market Depth,1838.75,19,13,1839,50,10,1838.5,265,23,1839.25,86,20,1838.25,30,18,1839.5,113,26,1838,105,27,,,,1837.75,21,12,,,,,,,1840.25,40,17,,,,,,,,,,,,,,,,1841,30,18,,,,,,
ESH6,11-FEB-2016,00:00:02.643796,-6,Market Depth,1838.75,19,13,1839,50,10,1838.5,263,22,1839.25,86,20,1838.25,30,18,1839.5,113,26,1838,105,27,,,,1837.75,21,12,,,,,,,1840.25,40,17,,,,,,,,,,,,,,,,1841,30,18,,,,,,
ESH6,11-FEB-2016,00:00:02.643796,-6,Market Depth,1838.75,19,13,1839,50,10,1838.5,261,21,1839.25,86,20,1838.25,30,18,1839.5,113,26,1838,105,27,,,,1837.75,21,12,,,,,,,1840.25,40,17,,,,,,,,,,,,,,,,1841,30,18,,,,,,
ESH6,11-FEB-2016,00:00:02.643796,-6,Market Depth,1838.75,19,13,1839,50,10,1838.5,261,21,1839.25,86,20,1838.25,32,19,1839.5,113,26,1838,105,27,,,,1837.75,21,12,,,,,,,1840.25,40,17,,,,,,,,,,,,,,,,1841,30,18,,,,,,
ESH6,11-FEB-2016,00:00:02.643796,-6,Market Depth,1838.75,19,13,1839,50,10,1838.5,261,21,1839.25,86,20,1838.25,34,20,1839.5,113,26,1838,105,27,,,,1837.75,21,12,,,,,,,1840.25,40,17,,,,,,,,,,,,,,,,1841,30,18,,,,,,
ESH6,11-FEB-2016,00:00:02.643796,-6,Market Depth,1838.75,19,13,1839,50,10,1838.5,259,20,1839.25,86,20,1838.25,34,20,1839.5,113,26,1838,105,27,,,,1837.75,21,12,,,,,,,1840.25,40,17,,,,,,,,,,,,,,,,1841,30,18,,,,,,
ESH6,11-FEB-2016,00:00:02.643796,-6,Market Depth,1838.75,19,13,1839,50,10,1838.5,257,19,1839.25,86,20,1838.25,34,20,1839.5,113,26,1838,105,27,,,,1837.75,21,12,,,,,,,1840.25,40,17,,,,,,,,,,,,,,,,1841,30,18,,,,,,
ESH6,11-FEB-2016,00:00:02.643796,-6,Market Depth,1838.75,19,13,1839,50,10,1838.5,256,18,1839.25,86,20,1838.25,34,20,1839.5,113,26,1838,105,27,,,,1837.75,21,12,,,,,,,1840.25,40,17,,,,,,,,,,,,,,,,1841,30,18,,,,,,
ESH6,11-FEB-2016,00:00:02.643796,-6,Market Depth,1838.75,19,13,1839,50,10,1838.5,256,18,1839.25,86,20,1838.25,35,21,1839.5,113,26,1838,105,27,,,,1837.75,21,12,,,,,,,1840.25,40,17,,,,,,,,,,,,,,,,1841,30,18,,,,,,
ESH6,11-FEB-2016,00:00:02.643796,-6,Market Depth,1838.75,19,13,1839,50,10,1838.5,254,17,1839.25,86,20,1838.25,35,21,1839.5,113,26,1838,105,27,,,,1837.75,21,12,,,,,,,1840.25,40,17,,,,,,,,,,,,,,,,1841,30,18,,,,,,
ESH6,11-FEB-2016,00:00:02.643796,-6,Market Depth,1838.75,19,13,1839,50,10,1838.5,254,17,1839.25,86,20,1838.25,37,22,1839.5,113,26,1838,105,27,,,,1837.75,21,12,,,,,,,1840.25,40,17,,,,,,,,,,,,,,,,1841,30,18,,,,,,
ESH6,11-FEB-2016,00:00:05.435725,-6,Market Depth,1838.75,19,13,1839,50,10,1838.5,254,17,1839.25,86,20,1838.25,37,22,1839.5,113,26,1838,105,27,,,,1837.75,21,12,,,,,,,1840.25,40,17,,,,,,,,,,,,,,,,1841,31,19,,,,,,
ESH6,11-FEB-2016,00:00:05.435725,-6,Market Depth,1838.75,18,13,1839,50,10,1838.5,254,17,1839.25,86,20,1838.25,37,22,1839.5,113,26,1838,105,27,,,,1837.75,21,12,,,,,,,1840.25,40,17,,,,,,,,,,,,,,,,1841,31,19,,,,,,
ESH6,11-FEB-2016,00:00:05.435725,-6,Market Depth,1838.75,18,13,1839,50,10,1838.5,256,18,1839.25,86,20,1838.25,37,22,1839.5,113,26,1838,105,27,,,,1837.75,21,12,,,,,,,1840.25,40,17,,,,,,,,,,,,,,,,1841,31,19,,,,,,
ESH6,11-FEB-2016,00:00:05.435725,-6,Market Depth,1838.75,19,14,1839,50,10,1838.5,256,18,1839.25,86,20,1838.25,37,22,1839.5,113,26,1838,105,27,,,,1837.75,21,12,,,,,,,1840.25,40,17,,,,,,,,,,,,,,,,1841,31,19,,,,,,
ESH6,11-FEB-2016,00:00:06.435694,-6,Market Depth,1838.75,19,14,1839,45,9,1838.5,256,18,1839.25,86,20,1838.25,37,22,1839.5,113,26,1838,105,27,,,,1837.75,21,12,,,,,,,1840.25,40,17,,,,,,,,,,,,,,,,1841,31,19,,,,,,
ESH6,11-FEB-2016,00:00:06.692604,-6,Market Depth,1838.75,19,14,1839,46,10,1838.5,256,18,1839.25,86,20,1838.25,37,22,1839.5,113,26,1838,105,27,,,,1837.75,21,12,,,,,,,1840.25,40,17,,,,,,,,,,,,,,,,1841,31,19,,,,,,
ESH6,11-FEB-2016,00:00:08.261830,-6,Market Depth,1838.75,19,14,1839,46,10,1838.5,256,18,1839.25,86,20,1838.25,37,22,1839.5,113,26,1838,110,28,,,,1837.75,21,12,,,,,,,1840.25,40,17,,,,,,,,,,,,,,,,1841,31,19,,,,,,
ESH6,11-FEB-2016,00:00:08.261830,-6,Market Depth,1838.75,19,14,1839,46,10,1838.5,256,18,1839.25,86,20,1838.25,37,22,1839.5,113,26,1838,110,28,,,,1837.75,16,11,,,,,,,1840.25,40,17,,,,,,,,,,,,,,,,1841,31,19,,,,,,
ESH6,11-FEB-2016,00:00:08.261830,-6,Market Depth,1838.75,19,14,1839,45,10,1838.5,256,18,1839.25,86,20,1838.25,37,22,1839.5,113,26,1838,110,28,,,,1837.75,16,11,,,,,,,1840.25,40,17,,,,,,,,,,,,,,,,1841,31,19,,,,,,
ESH6,11-FEB-2016,00:00:09.250117,-6,Market Depth,1838.75,18,13,1839,45,10,1838.5,256,18,1839.25,86,20,1838.25,37,22,1839.5,113,26,1838,110,28,,,,1837.75,16,11,,,,,,,1840.25,40,17,,,,,,,,,,,,,,,,1841,31,19,,,,,,
ESH6,11-FEB-2016,00:00:09.776550,-6,Market Depth,1838.75,13,12,1839,45,10,1838.5,256,18,1839.25,86,20,1838.25,37,22,1839.5,113,26,1838,110,28,,,,1837.75,16,11,,,,,,,1840.25,40,17,,,,,,,,,,,,,,,,1841,31,19,,,,,,
ESH6,11-FEB-2016,00:00:09.776550,-6,Market Depth,1838.75,14,13,1839,45,10,1838.5,256,18,1839.25,86,20,1838.25,37,22,1839.5,113,26,1838,110,28,,,,1837.75,16,11,,,,,,,1840.25,40,17,,,,,,,,,,,,,,,,1841,31,19,,,,,,
ESH6,11-FEB-2016,00:00:10.142642,-6,Market Depth,1838.75,15,14,1839,45,10,1838.5,256,18,1839.25,86,20,1838.25,37,22,1839.5,113,26,1838,110,28,,,,1837.75,16,11,,,,,,,1840.25,40,17,,,,,,,,,,,,,,,,1841,31,19,,,,,,
ESH6,11-FEB-2016,00:00:10.431699,-6,Market Depth,1838.75,15,14,1839,45,10,1838.5,256,18,1839.25,86,20,1838.25,37,22,1839.5,113,26,1838,105,27,,,,1837.75,16,11,,,,,,,1840.25,40,17,,,,,,,,,,,,,,,,1841,31,19,,,,,,
ESH6,11-FEB-2016,00:00:10.431699,-6,Market Depth,1838.75,15,14,1839,45,10,1838.5,256,18,1839.25,86,20,1838.25,37,22,1839.5,113,26,1838,105,27,,,,1837.75,21,12,,,,,,,1840.25,40,17,,,,,,,,,,,,,,,,1841,31,19,,,,,,
ESH6,11-FEB-2016,00:00:13.440472,-6,Market Depth,1838.75,19,15,1839,45,10,1838.5,256,18,1839.25,86,20,1838.25,37,22,1839.5,113,26,1838,105,27,,,,1837.75,21,12,,,,,,,1840.25,40,17,,,,,,,,,,,,,,,,1841,31,19,,,,,,
ESH6,11-FEB-2016,00:00:14.255865,-6,Market Depth,1838.75,19,15,1839,45,10,1838.5,256,18,1839.25,86,20,1838.25,39,23,1839.5,113,26,1838,105,27,,,,1837.75,21,12,,,,,,,1840.25,40,17,,,,,,,,,,,,,,,,1841,31,19,,,,,,
ESH6,11-FEB-2016,00:00:14.255865,-6,Market Depth,1838.75,19,15,1839,45,10,1838.5,256,18,1839.25,88,21,1838.25,39,23,1839.5,113,26,1838,105,27,,,,1837.75,21,12,,,,,,,1840.25,40,17,,,,,,,,,,,,,,,,1841,31,19,,,,,,
ESH6,11-FEB-2016,00:00:14.255865,-6,Market Depth,1838.75,19,15,1839,45,10,1838.5,256,18,1839.25,88,21,1838.25,39,23,1839.5,111,25,1838,105,27,,,,1837.75,21,12,,,,,,,1840.25,40,17,,,,,,,,,,,,,,,,1841,31,19,,,,,,
ESH6,11-FEB-2016,00:00:14.255865,-6,Market Depth,1838.75,19,15,1839,45,10,1838.5,256,18,1839.25,88,21,1838.25,39,23,1839.5,109,24,1838,105,27,,,,1837.75,21,12,,,,,,,1840.25,40,17,,,,,,,,,,,,,,,,1841,31,19,,,,,,
ESH6,11-FEB-2016,00:00:14.255865,-6,Market Depth,1838.75,19,15,1839,45,10,1838.5,254,17,1839.25,88,21,1838.25,39,23,1839.5,109,24,1838,105,27,,,,1837.75,21,12,,,,,,,1840.25,40,17,,,,,,,,,,,,,,,,1841,31,19,,,,,,
ESH6,11-FEB-2016,00:00:14.255865,-6,Market Depth,1838.75,19,15,1839,45,10,1838.5,254,17,1839.25,90,22,1838.25,39,23,1839.5,109,24,1838,105,27,,,,1837.75,21,12,,,,,,,1840.25,40,17,,,,,,,,,,,,,,,,1841,31,19,,,,,,
ESH6,11-FEB-2016,00:00:14.255865,-6,Market Depth,1838.75,19,15,1839,45,10,1838.5,254,17,1839.25,90,22,1838.25,41,24,1839.5,109,24,1838,105,27,,,,1837.75,21,12,,,,,,,1840.25,40,17,,,,,,,,,,,,,,,,1841,31,19,,,,,,
ESH6,11-FEB-2016,00:00:14.255865,-6,Market Depth,1838.75,19,15,1839,45,10,1838.5,254,17,1839.25,92,23,1838.25,41,24,1839.5,109,24,1838,105,27,,,,1837.75,21,12,,,,,,,1840.25,40,17,,,,,,,,,,,,,,,,1841,31,19,,,,,,
ESH6,11-FEB-2016,00:00:14.255865,-6,Market Depth,1838.75,19,15,1839,45,10,1838.5,254,17,1839.25,92,23,1838.25,41,24,1839.5,107,23,1838,105,27,,,,1837.75,21,12,,,,,,,1840.25,40,17,,,,,,,,,,,,,,,,1841,31,19,,,,,,
ESH6,11-FEB-2016,00:00:15.265614,-6,Market Depth,1838.75,19,15,1839,45,10,1838.5,254,17,1839.25,92,23,1838.25,43,25,1839.5,107,23,1838,105,27,,,,1837.75,21,12,,,,,,,1840.25,40,17,,,,,,,,,,,,,,,,1841,31,19,,,,,,
ESH6,11-FEB-2016,00:00:15.265614,-6,Market Depth,1838.75,19,15,1839,45,10,1838.5,254,17,1839.25,94,24,1838.25,43,25,1839.5,107,23,1838,105,27,,,,1837.75,21,12,,,,,,,1840.25,40,17,,,,,,,,,,,,,,,,1841,31,19,,,,,,
ESH6,11-FEB-2016,00:00:15.265614,-6,Market Depth,1838.75,19,15,1839,45,10,1838.5,254,17,1839.25,94,24,1838.25,44,26,1839.5,107,23,1838,105,27,,,,1837.75,21,12,,,,,,,1840.25,40,17,,,,,,,,,,,,,,,,1841,31,19,,,,,,
ESH6,11-FEB-2016,00:00:15.265614,-6,Market Depth,1838.75,19,15,1839,45,10,1838.5,254,17,1839.25,94,24,1838.25,44,26,1839.5,105,22,1838,105,27,,,,1837.75,21,12,,,,,,,1840.25,40,17,,,,,,,,,,,,,,,,1841,31,19,,,,,,
ESH6,11-FEB-2016,00:00:15.265614,-6,Market Depth,1838.75,19,15,1839,45,10,1838.5,253,16,1839.25,94,24,1838.25,44,26,1839.5,105,22,1838,105,27,,,,1837.75,21,12,,,,,,,1840.25,40,17,,,,,,,,,,,,,,,,1841,31,19,,,,,,
ESH6,11-FEB-2016,00:00:18.423791,-6,Market Depth,1838.75,19,15,1839,5,5,1838.5,253,16,1839.25,94,24,1838.25,44,26,1839.5,105,22,1838,105,27,,,,1837.75,21,12,,,,,,,1840.25,40,17,,,,,,,,,,,,,,,,1841,31,19,,,,,,
ESH6,11-FEB-2016,00:00:18.423791,-6,Market Depth,1838.75,20,16,1839,5,5,1838.5,253,16,1839.25,94,24,1838.25,44,26,1839.5,105,22,1838,105,27,,,,1837.75,21,12,,,,,,,1840.25,40,17,,,,,,,,,,,,,,,,1841,31,19,,,,,,
ESH6,11-FEB-2016,00:00:18.423791,-6,Market Depth,1838.75,20,16,1839,2,2,1838.5,253,16,1839.25,94,24,1838.25,44,26,1839.5,105,22,1838,105,27,,,,1837.75,21,12,,,,,,,1840.25,40,17,,,,,,,,,,,,,,,,1841,31,19,,,,,,
ESH6,11-FEB-2016,00:00:18.423791,-6,Market Depth,1838.75,21,17,1839,2,2,1838.5,253,16,1839.25,94,24,1838.25,44,26,1839.5,105,22,1838,105,27,,,,1837.75,21,12,,,,,,,1840.25,40,17,,,,,,,,,,,,,,,,1841,31,19,,,,,,
ESH6,11-FEB-2016,00:00:18.423791,-6,Market Depth,1838.75,21,17,1839.25,94,24,1838.5,253,16,1839.5,105,22,1838.25,44,26,1839.75,26,16,1838,105,27,1840,31,18,1837.75,21,12,1840.25,40,17,,,,1840.5,24,17,,,,1840.75,25,15,,,,1841,31,19,,,,1841.25,51,20,,,,0,0,0
ESH6,11-FEB-2016,00:00:18.423791,-6,Market Depth,1838.75,21,17,1839.25,94,24,1838.5,253,16,1839.5,105,22,1838.25,44,26,1839.75,26,16,1838,105,27,1840,31,18,1837.75,21,12,1840.25,40,17,,,,1840.5,24,17,,,,1840.75,25,15,,,,1841,31,19,,,,1841.25,51,20,,,,1841.5,40,20
ESH6,11-FEB-2016,00:00:18.423791,-6,Market Depth,1838.75,22,18,1839.25,94,24,1838.5,253,16,1839.5,105,22,1838.25,44,26,1839.75,26,16,1838,105,27,1840,31,18,1837.75,21,12,1840.25,40,17,,,,1840.5,24,17,,,,1840.75,25,15,,,,1841,31,19,,,,1841.25,51,20,,,,1841.5,40,20
ESH6,11-FEB-2016,00:00:18.423791,-6,Market Depth,1839,5,1,1839.25,94,24,1838.75,22,18,1839.5,105,22,1838.5,253,16,1839.75,26,16,1838.25,44,26,1840,31,18,1838,105,27,1840.25,40,17,1837.75,21,12,1840.5,24,17,1837.5,33,20,1840.75,25,15,1837.25,21,15,1841,31,19,1837,33,17,1841.25,51,20,1836.75,34,20,1841.5,40,20
ESH6,11-FEB-2016,00:00:18.423791,-6,Market Depth,1839,6,2,1839.25,94,24,1838.75,22,18,1839.5,105,22,1838.5,253,16,1839.75,26,16,1838.25,44,26,1840,31,18,1838,105,27,1840.25,40,17,1837.75,21,12,1840.5,24,17,1837.5,33,20,1840.75,25,15,1837.25,21,15,1841,31,19,1837,33,17,1841.25,51,20,1836.75,34,20,1841.5,40,20
ESH6,11-FEB-2016,00:00:18.423791,-6,Market Depth,1839,6,2,1839.25,94,24,1838.75,21,17,1839.5,105,22,1838.5,253,16,1839.75,26,16,1838.25,44,26,1840,31,18,1838,105,27,1840.25,40,17,1837.75,21,12,1840.5,24,17,1837.5,33,20,1840.75,25,15,1837.25,21,15,1841,31,19,1837,33,17,1841.25,51,20,1836.75,34,20,1841.5,40,20
ESH6,11-FEB-2016,00:00:18.423791,-6,Market Depth,1839,10,3,1839.25,94,24,1838.75,21,17,1839.5,105,22,1838.5,253,16,1839.75,26,16,1838.25,44,26,1840,31,18,1838,105,27,1840.25,40,17,1837.75,21,12,1840.5,24,17,1837.5,33,20,1840.75,25,15,1837.25,21,15,1841,31,19,1837,33,17,1841.25,51,20,1836.75,34,20,1841.5,40,20
ESH6,11-FEB-2016,00:00:18.423791,-6,Market Depth,1839,10,3,1839.25,94,24,1838.75,22,18,1839.5,105,22,1838.5,253,16,1839.75,26,16,1838.25,44,26,1840,31,18,1838,105,27,1840.25,40,17,1837.75,21,12,1840.5,24,17,1837.5,33,20,1840.75,25,15,1837.25,21,15,1841,31,19,1837,33,17,1841.25,51,20,1836.75,34,20,1841.5,40,20
ESH6,11-FEB-2016,00:00:18.423791,-6,Market Depth,1839,10,3,1839.25,94,24,1838.75,23,19,1839.5,105,22,1838.5,253,16,1839.75,26,16,1838.25,44,26,1840,31,18,1838,105,27,1840.25,40,17,1837.75,21,12,1840.5,24,17,1837.5,33,20,1840.75,25,15,1837.25,21,15,1841,31,19,1837,33,17,1841.25,51,20,1836.75,34,20,1841.5,40,20
ESH6,11-FEB-2016,00:00:18.423791,-6,Market Depth,1839,5,2,1839.25,94,24,1838.75,23,19,1839.5,105,22,1838.5,253,16,1839.75,26,16,1838.25,44,26,1840,31,18,1838,105,27,1840.25,40,17,1837.75,21,12,1840.5,24,17,1837.5,33,20,1840.75,25,15,1837.25,21,15,1841,31,19,1837,33,17,1841.25,51,20,1836.75,34,20,1841.5,40,20
ESH6,11-FEB-2016,00:00:18.423791,-6,Market Depth,1839,1,1,1839.25,94,24,1838.75,23,19,1839.5,105,22,1838.5,253,16,1839.75,26,16,1838.25,44,26,1840,31,18,1838,105,27,1840.25,40,17,1837.75,21,12,1840.5,24,17,1837.5,33,20,1840.75,25,15,1837.25,21,15,1841,31,19,1837,33,17,1841.25,51,20,1836.75,34,20,1841.5,40,20
ESH6,11-FEB-2016,00:00:18.423791,-6,Market Depth,1839,2,2,1839.25,94,24,1838.75,23,19,1839.5,105,22,1838.5,253,16,1839.75,26,16,1838.25,44,26,1840,31,18,1838,105,27,1840.25,40,17,1837.75,21,12,1840.5,24,17,1837.5,33,20,1840.75,25,15,1837.25,21,15,1841,31,19,1837,33,17,1841.25,51,20,1836.75,34,20,1841.5,40,20
ESH6,11-FEB-2016,00:00:18.423791,-6,Market Depth,1839,2,2,1839.25,94,24,1838.75,23,19,1839.5,105,22,1838.5,253,16,1839.75,26,16,1838.25,43,25,1840,31,18,1838,105,27,1840.25,40,17,1837.75,21,12,1840.5,24,17,1837.5,33,20,1840.75,25,15,1837.25,21,15,1841,31,19,1837,33,17,1841.25,51,20,1836.75,34,20,1841.5,40,20
ESH6,11-FEB-2016,00:00:18.423791,-6,Market Depth,1839,2,2,1839.25,94,24,1838.75,23,19,1839.5,105,22,1838.5,255,17,1839.75,26,16,1838.25,43,25,1840,31,18,1838,105,27,1840.25,40,17,1837.75,21,12,1840.5,24,17,1837.5,33,20,1840.75,25,15,1837.25,21,15,1841,31,19,1837,33,17,1841.25,51,20,1836.75,34,20,1841.5,40,20
ESH6,11-FEB-2016,00:00:18.423791,-6,Market Depth,1839,2,2,1839.25,94,24,1838.75,23,19,1839.5,105,22,1838.5,255,17,1839.75,26,16,1838.25,41,24,1840,31,18,1838,105,27,1840.25,40,17,1837.75,21,12,1840.5,24,17,1837.5,33,20,1840.75,25,15,1837.25,21,15,1841,31,19,1837,33,17,1841.25,51,20,1836.75,34,20,1841.5,40,20
ESH6,11-FEB-2016,00:00:18.423791,-6,Market Depth,1839,2,2,1839.25,95,25,1838.75,23,19,1839.5,105,22,1838.5,255,17,1839.75,26,16,1838.25,41,24,1840,31,18,1838,105,27,1840.25,40,17,1837.75,21,12,1840.5,24,17,1837.5,33,20,1840.75,25,15,1837.25,21,15,1841,31,19,1837,33,17,1841.25,51,20,1836.75,34,20,1841.5,40,20
ESH6,11-FEB-2016,00:00:18.423791,-6,Market Depth,1839,2,2,1839.25,95,25,1838.75,25,20,1839.5,105,22,1838.5,255,17,1839.75,26,16,1838.25,41,24,1840,31,18,1838,105,27,1840.25,40,17,1837.75,21,12,1840.5,24,17,1837.5,33,20,1840.75,25,15,1837.25,21,15,1841,31,19,1837,33,17,1841.25,51,20,1836.75,34,20,1841.5,40,20
ESH6,11-FEB-2016,00:00:18.423791,-6,Market Depth,1839,2,2,1839.25,95,25,1838.75,25,20,1839.5,105,22,1838.5,256,18,1839.75,26,16,1838.25,41,24,1840,31,18,1838,105,27,1840.25,40,17,1837.75,21,12,1840.5,24,17,1837.5,33,20,1840.75,25,15,1837.25,21,15,1841,31,19,1837,33,17,1841.25,51,20,1836.75,34,20,1841.5,40,20
ESH6,11-FEB-2016,00:00:18.423791,-6,Market Depth,1839,2,2,1839.25,95,25,1838.75,25,20,1839.5,106,23,1838.5,256,18,1839.75,26,16,1838.25,41,24,1840,31,18,1838,105,27,1840.25,40,17,1837.75,21,12,1840.5,24,17,1837.5,33,20,1840.75,25,15,1837.25,21,15,1841,31,19,1837,33,17,1841.25,51,20,1836.75,34,20,1841.5,40,20
ESH6,11-FEB-2016,00:00:18.423791,-6,Market Depth,1839,2,2,1839.25,94,24,1838.75,25,20,1839.5,106,23,1838.5,256,18,1839.75,26,16,1838.25,41,24,1840,31,18,1838,105,27,1840.25,40,17,1837.75,21,12,1840.5,24,17,1837.5,33,20,1840.75,25,15,1837.25,21,15,1841,31,19,1837,33,17,1841.25,51,20,1836.75,34,20,1841.5,40,20
ESH6,11-FEB-2016,00:00:18.423791,-6,Market Depth,1839,2,2,1839.25,92,23,1838.75,25,20,1839.5,106,23,1838.5,256,18,1839.75,26,16,1838.25,41,24,1840,31,18,1838,105,27,1840.25,40,17,1837.75,21,12,1840.5,24,17,1837.5,33,20,1840.75,25,15,1837.25,21,15,1841,31,19,1837,33,17,1841.25,51,20,1836.75,34,20,1841.5,40,20
ESH6,11-FEB-2016,00:00:18.423791,-6,Market Depth,1839,2,2,1839.25,92,23,1838.75,25,20,1839.5,108,24,1838.5,256,18,1839.75,26,16,1838.25,41,24,1840,31,18,1838,105,27,1840.25,40,17,1837.75,21,12,1840.5,24,17,1837.5,33,20,1840.75,25,15,1837.25,21,15,1841,31,19,1837,33,17,1841.25,51,20,1836.75,34,20,1841.5,40,20
ESH6,11-FEB-2016,00:00:18.423791,-6,Market Depth,1839,2,2,1839.25,93,24,1838.75,25,20,1839.5,108,24,1838.5,256,18,1839.75,26,16,1838.25,41,24,1840,31,18,1838,105,27,1840.25,40,17,1837.75,21,12,1840.5,24,17,1837.5,33,20,1840.75,25,15,1837.25,21,15,1841,31,19,1837,33,17,1841.25,51,20,1836.75,34,20,1841.5,40,20
ESH6,11-FEB-2016,00:00:18.423791,-6,Market Depth,1839,2,2,1839.25,93,24,1838.75,25,20,1839.5,110,25,1838.5,256,18,1839.75,26,16,1838.25,41,24,1840,31,18,1838,105,27,1840.25,40,17,1837.75,21,12,1840.5,24,17,1837.5,33,20,1840.75,25,15,1837.25,21,15,1841,31,19,1837,33,17,1841.25,51,20,1836.75,34,20,1841.5,40,20
ESH6,11-FEB-2016,00:00:18.423791,-6,Market Depth,1839,2,2,1839.25,93,24,1838.75,25,20,1839.5,110,25,1838.5,258,19,1839.75,26,16,1838.25,41,24,1840,31,18,1838,105,27,1840.25,40,17,1837.75,21,12,1840.5,24,17,1837.5,33,20,1840.75,25,15,1837.25,21,15,1841,31,19,1837,33,17,1841.25,51,20,1836.75,34,20,1841.5,40,20
ESH6,11-FEB-2016,00:00:18.423793,-6,Market Depth,1839,2,2,1839.25,91,23,1838.75,25,20,1839.5,110,25,1838.5,258,19,1839.75,26,16,1838.25,41,24,1840,31,18,1838,105,27,1840.25,40,17,1837.75,21,12,1840.5,24,17,1837.5,33,20,1840.75,25,15,1837.25,21,15,1841,31,19,1837,33,17,1841.25,51,20,1836.75,34,20,1841.5,40,20
ESH6,11-FEB-2016,00:00:18.423793,-6,Market Depth,1839,2,2,1839.25,91,23,1838.75,25,20,1839.5,110,25,1838.5,260,20,1839.75,26,16,1838.25,41,24,1840,31,18,1838,105,27,1840.25,40,17,1837.75,21,12,1840.5,24,17,1837.5,33,20,1840.75,25,15,1837.25,21,15,1841,31,19,1837,33,17,1841.25,51,20,1836.75,34,20,1841.5,40,20
ESH6,11-FEB-2016,00:00:18.423793,-6,Market Depth,1839,2,2,1839.25,91,23,1838.75,25,20,1839.5,110,25,1838.5,260,20,1839.75,26,16,1838.25,39,23,1840,31,18,1838,105,27,1840.25,40,17,1837.75,21,12,1840.5,24,17,1837.5,33,20,1840.75,25,15,1837.25,21,15,1841,31,19,1837,33,17,1841.25,51,20,1836.75,34,20,1841.5,40,20
ESH6,11-FEB-2016,00:00:18.423793,-6,Market Depth,1839,2,2,1839.25,91,23,1838.75,25,20,1839.5,110,25,1838.5,260,20,1839.75,26,16,1838.25,37,22,1840,31,18,1838,105,27,1840.25,40,17,1837.75,21,12,1840.5,24,17,1837.5,33,20,1840.75,25,15,1837.25,21,15,1841,31,19,1837,33,17,1841.25,51,20,1836.75,34,20,1841.5,40,20
ESH6,11-FEB-2016,00:00:18.434549,-6,Market Depth,1839,2,2,1839.25,89,22,1838.75,25,20,1839.5,110,25,1838.5,260,20,1839.75,26,16,1838.25,37,22,1840,31,18,1838,105,27,1840.25,40,17,1837.75,21,12,1840.5,24,17,1837.5,33,20,1840.75,25,15,1837.25,21,15,1841,31,19,1837,33,17,1841.25,51,20,1836.75,34,20,1841.5,40,20
ESH6,11-FEB-2016,00:00:18.434549,-6,Market Depth,1839,2,2,1839.25,87,21,1838.75,25,20,1839.5,110,25,1838.5,260,20,1839.75,26,16,1838.25,37,22,1840,31,18,1838,105,27,1840.25,40,17,1837.75,21,12,1840.5,24,17,1837.5,33,20,1840.75,25,15,1837.25,21,15,1841,31,19,1837,33,17,1841.25,51,20,1836.75,34,20,1841.5,40,20
ESH6,11-FEB-2016,00:00:18.434549,-6,Market Depth,1839,2,2,1839.25,85,20,1838.75,25,20,1839.5,110,25,1838.5,260,20,1839.75,26,16,1838.25,37,22,1840,31,18,1838,105,27,1840.25,40,17,1837.75,21,12,1840.5,24,17,1837.5,33,20,1840.75,25,15,1837.25,21,15,1841,31,19,1837,33,17,1841.25,51,20,1836.75,34,20,1841.5,40,20
ESH6,11-FEB-2016,00:00:18.434549,-6,Market Depth,1839,2,2,1839.25,85,20,1838.75,25,20,1839.5,112,26,1838.5,260,20,1839.75,26,16,1838.25,37,22,1840,31,18,1838,105,27,1840.25,40,17,1837.75,21,12,1840.5,24,17,1837.5,33,20,1840.75,25,15,1837.25,21,15,1841,31,19,1837,33,17,1841.25,51,20,1836.75,34,20,1841.5,40,20
ESH6,11-FEB-2016,00:00:18.434549,-6,Market Depth,1839,2,2,1839.25,85,20,1838.75,25,20,1839.5,112,26,1838.5,262,21,1839.75,26,16,1838.25,37,22,1840,31,18,1838,105,27,1840.25,40,17,1837.75,21,12,1840.5,24,17,1837.5,33,20,1840.75,25,15,1837.25,21,15,1841,31,19,1837,33,17,1841.25,51,20,1836.75,34,20,1841.5,40,20
ESH6,11-FEB-2016,00:00:18.434549,-6,Market Depth,1839,2,2,1839.25,85,20,1838.75,25,20,1839.5,112,26,1838.5,264,22,1839.75,26,16,1838.25,37,22,1840,31,18,1838,105,27,1840.25,40,17,1837.75,21,12,1840.5,24,17,1837.5,33,20,1840.75,25,15,1837.25,21,15,1841,31,19,1837,33,17,1841.25,51,20,1836.75,34,20,1841.5,40,20
ESH6,11-FEB-2016,00:00:18.434549,-6,Market Depth,1839,2,2,1839.25,85,20,1838.75,25,20,1839.5,112,26,1838.5,264,22,1839.75,26,16,1838.25,35,21,1840,31,18,1838,105,27,1840.25,40,17,1837.75,21,12,1840.5,24,17,1837.5,33,20,1840.75,25,15,1837.25,21,15,1841,31,19,1837,33,17,1841.25,51,20,1836.75,34,20,1841.5,40,20
ESH6,11-FEB-2016,00:00:18.434549,-6,Market Depth,1839,2,2,1839.25,85,20,1838.75,25,20,1839.5,114,27,1838.5,264,22,1839.75,26,16,1838.25,35,21,1840,31,18,1838,105,27,1840.25,40,17,1837.75,21,12,1840.5,24,17,1837.5,33,20,1840.75,25,15,1837.25,21,15,1841,31,19,1837,33,17,1841.25,51,20,1836.75,34,20,1841.5,40,20
ESH6,11-FEB-2016,00:00:18.434549,-6,Market Depth,1839,2,2,1839.25,85,20,1838.75,25,20,1839.5,114,27,1838.5,264,22,1839.75,26,16,1838.25,33,20,1840,31,18,1838,105,27,1840.25,40,17,1837.75,21,12,1840.5,24,17,1837.5,33,20,1840.75,25,15,1837.25,21,15,1841,31,19,1837,33,17,1841.25,51,20,1836.75,34,20,1841.5,40,20
ESH6,11-FEB-2016,00:00:18.434549,-6,Market Depth,1839,2,2,1839.25,84,19,1838.75,25,20,1839.5,114,27,1838.5,264,22,1839.75,26,16,1838.25,33,20,1840,31,18,1838,105,27,1840.25,40,17,1837.75,21,12,1840.5,24,17,1837.5,33,20,1840.75,25,15,1837.25,21,15,1841,31,19,1837,33,17,1841.25,51,20,1836.75,34,20,1841.5,40,20
ESH6,11-FEB-2016,00:00:18.434549,-6,Market Depth,1839,2,2,1839.25,84,19,1838.75,25,20,1839.5,114,27,1838.5,264,22,1839.75,26,16,1838.25,31,19,1840,31,18,1838,105,27,1840.25,40,17,1837.75,21,12,1840.5,24,17,1837.5,33,20,1840.75,25,15,1837.25,21,15,1841,31,19,1837,33,17,1841.25,51,20,1836.75,34,20,1841.5,40,20
ESH6,11-FEB-2016,00:00:18.444321,-6,Market Depth,1839,2,2,1839.25,84,19,1838.75,25,20,1839.5,114,27,1838.5,266,23,1839.75,26,16,1838.25,31,19,1840,31,18,1838,105,27,1840.25,40,17,1837.75,21,12,1840.5,24,17,1837.5,33,20,1840.75,25,15,1837.25,21,15,1841,31,19,1837,33,17,1841.25,51,20,1836.75,34,20,1841.5,40,20
ESH6,11-FEB-2016,00:00:18.444321,-6,Market Depth,1839,2,2,1839.25,84,19,1838.75,25,20,1839.5,114,27,1838.5,267,24,1839.75,26,16,1838.25,31,19,1840,31,18,1838,105,27,1840.25,40,17,1837.75,21,12,1840.5,24,17,1837.5,33,20,1840.75,25,15,1837.25,21,15,1841,31,19,1837,33,17,1841.25,51,20,1836.75,34,20,1841.5,40,20
ESH6,11-FEB-2016,00:00:18.444321,-6,Market Depth,1839,2,2,1839.25,84,19,1838.75,25,20,1839.5,114,27,1838.5,267,24,1839.75,26,16,1838.25,30,18,1840,31,18,1838,105,27,1840.25,40,17,1837.75,21,12,1840.5,24,17,1837.5,33,20,1840.75,25,15,1837.25,21,15,1841,31,19,1837,33,17,1841.25,51,20,1836.75,34,20,1841.5,40,20
ESH6,11-FEB-2016,00:00:18.444321,-6,Market Depth,1839,2,2,1839.25,84,19,1838.75,25,20,1839.5,116,28,1838.5,267,24,1839.75,26,16,1838.25,30,18,1840,31,18,1838,105,27,1840.25,40,17,1837.75,21,12,1840.5,24,17,1837.5,33,20,1840.75,25,15,1837.25,21,15,1841,31,19,1837,33,17,1841.25,51,20,1836.75,34,20,1841.5,40,20
ESH6,11-FEB-2016,00:00:18.444321,-6,Market Depth,1839,2,2,1839.25,83,18,1838.75,25,20,1839.5,116,28,1838.5,267,24,1839.75,26,16,1838.25,30,18,1840,31,18,1838,105,27,1840.25,40,17,1837.75,21,12,1840.5,24,17,1837.5,33,20,1840.75,25,15,1837.25,21,15,1841,31,19,1837,33,17,1841.25,51,20,1836.75,34,20,1841.5,40,20
ESH6,11-FEB-2016,00:00:18.444321,-6,Market Depth,1839,2,2,1839.25,82,18,1838.75,25,20,1839.5,116,28,1838.5,267,24,1839.75,26,16,1838.25,30,18,1840,31,18,1838,105,27,1840.25,40,17,1837.75,21,12,1840.5,24,17,1837.5,33,20,1840.75,25,15,1837.25,21,15,1841,31,19,1837,33,17,1841.25,51,20,1836.75,34,20,1841.5,40,20
ESH6,11-FEB-2016,00:00:18.444321,-6,Market Depth,1839,2,2,1839.25,82,18,1838.75,25,20,1839.5,116,28,1838.5,271,25,1839.75,26,16,1838.25,30,18,1840,31,18,1838,105,27,1840.25,40,17,1837.75,21,12,1840.5,24,17,1837.5,33,20,1840.75,25,15,1837.25,21,15,1841,31,19,1837,33,17,1841.25,51,20,1836.75,34,20,1841.5,40,20
ESH6,11-FEB-2016,00:00:18.456038,-6,Market Depth,1839,2,2,1839.25,78,17,1838.75,25,20,1839.5,116,28,1838.5,271,25,1839.75,26,16,1838.25,30,18,1840,31,18,1838,105,27,1840.25,40,17,1837.75,21,12,1840.5,24,17,1837.5,33,20,1840.75,25,15,1837.25,21,15,1841,31,19,1837,33,17,1841.25,51,20,1836.75,34,20,1841.5,40,20
ESH6,11-FEB-2016,00:00:18.456038,-6,Market Depth,1839,2,2,1839.25,78,17,1838.75,25,20,1839.5,116,28,1838.5,271,25,1839.75,26,16,1838.25,30,18,1840,31,18,1838,105,27,1840.25,39,16,1837.75,21,12,1840.5,24,17,1837.5,33,20,1840.75,25,15,1837.25,21,15,1841,31,19,1837,33,17,1841.25,51,20,1836.75,34,20,1841.5,40,20
ESH6,11-FEB-2016,00:00:18.456038,-6,Market Depth,1839,2,2,1839.25,78,17,1838.75,25,20,1839.5,116,28,1838.5,271,25,1839.75,26,16,1838.25,30,18,1840,31,18,1838,105,27,1840.25,39,16,1837.75,21,12,1840.5,24,17,1837.5,33,20,1840.75,25,15,1837.25,21,15,1841,31,19,1837,33,17,1841.25,51,20,1836.75,34,20,1841.5,41,21
ESH6,11-FEB-2016,00:00:18.456038,-6,Market Depth,1839,2,2,1839.25,78,17,1838.75,25,20,1839.5,116,28,1838.5,271,25,1839.75,26,16,1838.25,30,18,1840,31,18,1838,105,27,1840.25,39,16,1837.75,21,12,1840.5,24,17,1837.5,33,20,1840.75,25,15,1837.25,21,15,1841,31,19,1837,33,17,1841.25,46,19,1836.75,34,20,1841.5,41,21
ESH6,11-FEB-2016,00:00:18.456038,-6,Market Depth,1839,2,2,1839.25,78,17,1838.75,25,20,1839.5,116,28,1838.5,271,25,1839.75,26,16,1838.25,30,18,1840,31,18,1838,105,27,1840.25,39,16,1837.75,22,13,1840.5,24,17,1837.5,33,20,1840.75,25,15,1837.25,21,15,1841,31,19,1837,33,17,1841.25,46,19,1836.75,34,20,1841.5,41,21
ESH6,11-FEB-2016,00:00:18.456038,-6,Market Depth,1839,2,2,1839.25,78,17,1838.75,25,20,1839.5,116,28,1838.5,271,25,1839.75,26,16,1838.25,30,18,1840,31,18,1838,105,27,1840.25,39,16,1837.75,22,13,1840.5,24,17,1837.5,33,20,1840.75,25,15,1837.25,21,15,1841,31,19,1837,33,17,1841.25,46,19,1836.75,39,21,1841.5,41,21
ESH6,11-FEB-2016,00:00:18.456038,-6,Market Depth,1839,2,2,1839.25,78,17,1838.75,25,20,1839.5,116,28,1838.5,271,25,1839.75,21,15,1838.25,30,18,1840,31,18,1838,105,27,1840.25,39,16,1837.75,22,13,1840.5,24,17,1837.5,33,20,1840.75,25,15,1837.25,21,15,1841,31,19,1837,33,17,1841.25,46,19,1836.75,39,21,1841.5,41,21
ESH6,11-FEB-2016,00:00:18.456038,-6,Market Depth,1839,2,2,1839.25,78,17,1838.75,25,20,1839.5,116,28,1838.5,271,25,1839.75,21,15,1838.25,30,18,1840,36,19,1838,105,27,1840.25,39,16,1837.75,22,13,1840.5,24,17,1837.5,33,20,1840.75,25,15,1837.25,21,15,1841,31,19,1837,33,17,1841.25,46,19,1836.75,39,21,1841.5,41,21
ESH6,11-FEB-2016,00:00:18.456038,-6,Market Depth,1839,2,2,1839.25,78,17,1838.75,25,20,1839.5,116,28,1838.5,271,25,1839.75,21,15,1838.25,30,18,1840,36,19,1838,110,28,1840.25,39,16,1837.75,22,13,1840.5,24,17,1837.5,33,20,1840.75,25,15,1837.25,21,15,1841,31,19,1837,33,17,1841.25,46,19,1836.75,39,21,1841.5,41,21
ESH6,11-FEB-2016,00:00:18.456038,-6,Market Depth,1839,2,2,1839.25,78,17,1838.75,25,20,1839.5,116,28,1838.5,271,25,1839.75,21,15,1838.25,30,18,1840,36,19,1838,110,28,1840.25,39,16,1837.75,17,12,1840.5,24,17,1837.5,33,20,1840.75,25,15,1837.25,21,15,1841,31,19,1837,33,17,1841.25,46,19,1836.75,39,21,1841.5,41,21
ESH6,11-FEB-2016,00:00:18.456038,-6,Market Depth,1839,2,2,1839.25,80,18,1838.75,25,20,1839.5,116,28,1838.5,271,25,1839.75,21,15,1838.25,30,18,1840,36,19,1838,110,28,1840.25,39,16,1837.75,17,12,1840.5,24,17,1837.5,33,20,1840.75,25,15,1837.25,21,15,1841,31,19,1837,33,17,1841.25,46,19,1836.75,39,21,1841.5,41,21
ESH6,11-FEB-2016,00:00:18.456038,-6,Market Depth,1839,2,2,1839.25,80,18,1838.75,25,20,1839.5,114,27,1838.5,271,25,1839.75,21,15,1838.25,30,18,1840,36,19,1838,110,28,1840.25,39,16,1837.75,17,12,1840.5,24,17,1837.5,33,20,1840.75,25,15,1837.25,21,15,1841,31,19,1837,33,17,1841.25,46,19,1836.75,39,21,1841.5,41,21
ESH6,11-FEB-2016,00:00:18.456038,-6,Market Depth,1839,2,2,1839.25,79,17,1838.75,25,20,1839.5,114,27,1838.5,271,25,1839.75,21,15,1838.25,30,18,1840,36,19,1838,110,28,1840.25,39,16,1837.75,17,12,1840.5,24,17,1837.5,33,20,1840.75,25,15,1837.25,21,15,1841,31,19,1837,33,17,1841.25,46,19,1836.75,39,21,1841.5,41,21
ESH6,11-FEB-2016,00:00:18.627908,-6,Market Depth,1839,2,2,1839.25,79,17,1838.75,25,20,1839.5,114,27,1838.5,267,24,1839.75,21,15,1838.25,30,18,1840,36,19,1838,110,28,1840.25,39,16,1837.75,17,12,1840.5,24,17,1837.5,33,20,1840.75,25,15,1837.25,21,15,1841,31,19,1837,33,17,1841.25,46,19,1836.75,39,21,1841.5,41,21
ESH6,11-FEB-2016,00:00:18.627908,-6,Market Depth,1839,2,2,1839.25,82,18,1838.75,25,20,1839.5,114,27,1838.5,267,24,1839.75,21,15,1838.25,30,18,1840,36,19,1838,110,28,1840.25,39,16,1837.75,17,12,1840.5,24,17,1837.5,33,20,1840.75,25,15,1837.25,21,15,1841,31,19,1837,33,17,1841.25,46,19,1836.75,39,21,1841.5,41,21
ESH6,11-FEB-2016,00:00:18.627908,-6,Market Depth,1839,2,2,1839.25,82,18,1838.75,25,20,1839.5,116,28,1838.5,267,24,1839.75,21,15,1838.25,30,18,1840,36,19,1838,110,28,1840.25,39,16,1837.75,17,12,1840.5,24,17,1837.5,33,20,1840.75,25,15,1837.25,21,15,1841,31,19,1837,33,17,1841.25,46,19,1836.75,39,21,1841.5,41,21
ESH6,11-FEB-2016,00:00:18.627908,-6,Market Depth,1839,2,2,1839.25,82,18,1838.75,25,20,1839.5,116,28,1838.5,267,24,1839.75,26,16,1838.25,30,18,1840,36,19,1838,110,28,1840.25,39,16,1837.75,17,12,1840.5,24,17,1837.5,33,20,1840.75,25,15,1837.25,21,15,1841,31,19,1837,33,17,1841.25,46,19,1836.75,39,21,1841.5,41,21
ESH6,11-FEB-2016,00:00:18.627908,-6,Market Depth,1839,2,2,1839.25,82,18,1838.75,25,20,1839.5,116,28,1838.5,267,24,1839.75,26,16,1838.25,30,18,1840,31,18,1838,110,28,1840.25,39,16,1837.75,17,12,1840.5,24,17,1837.5,33,20,1840.75,25,15,1837.25,21,15,1841,31,19,1837,33,17,1841.25,46,19,1836.75,39,21,1841.5,41,21
ESH6,11-FEB-2016,00:00:19.539990,-6,Market Depth,1839,2,2,1839.25,82,18,1838.75,25,20,1839.5,116,28,1838.5,269,25,1839.75,26,16,1838.25,30,18,1840,31,18,1838,110,28,1840.25,39,16,1837.75,17,12,1840.5,24,17,1837.5,33,20,1840.75,25,15,1837.25,21,15,1841,31,19,1837,33,17,1841.25,46,19,1836.75,39,21,1841.5,41,21
ESH6,11-FEB-2016,00:00:19.539990,-6,Market Depth,1839,2,2,1839.25,82,18,1838.75,25,20,1839.5,116,28,1838.5,267,24,1839.75,26,16,1838.25,30,18,1840,31,18,1838,110,28,1840.25,39,16,1837.75,17,12,1840.5,24,17,1837.5,33,20,1840.75,25,15,1837.25,21,15,1841,31,19,1837,33,17,1841.25,46,19,1836.75,39,21,1841.5,41,21
ESH6,11-FEB-2016,00:00:19.539990,-6,Market Depth,1839,2,2,1839.25,80,17,1838.75,25,20,1839.5,116,28,1838.5,267,24,1839.75,26,16,1838.25,30,18,1840,31,18,1838,110,28,1840.25,39,16,1837.75,17,12,1840.5,24,17,1837.5,33,20,1840.75,25,15,1837.25,21,15,1841,31,19,1837,33,17,1841.25,46,19,1836.75,39,21,1841.5,41,21
ESH6,11-FEB-2016,00:00:19.539990,-6,Market Depth,1839,2,2,1839.25,80,17,1838.75,25,20,1839.5,116,28,1838.5,267,24,1839.75,26,16,1838.25,30,18,1840,31,18,1838,110,28,1840.25,39,16,1837.75,18,13,1840.5,24,17,1837.5,33,20,1840.75,25,15,1837.25,21,15,1841,31,19,1837,33,17,1841.25,46,19,1836.75,39,21,1841.5,41,21
ESH6,11-FEB-2016,00:00:21.537975,-6,Market Depth,1839,2,2,1839.25,80,17,1838.75,25,20,1839.5,116,28,1838.5,267,24,1839.75,26,16,1838.25,30,18,1840,31,18,1838,110,28,1840.25,39,16,1837.75,19,14,1840.5,24,17,1837.5,33,20,1840.75,25,15,1837.25,21,15,1841,31,19,1837,33,17,1841.25,46,19,1836.75,39,21,1841.5,41,21
ESH6,11-FEB-2016,00:00:21.537975,-6,Market Depth,1839,6,3,1839.25,80,17,1838.75,25,20,1839.5,116,28,1838.5,267,24,1839.75,26,16,1838.25,30,18,1840,31,18,1838,110,28,1840.25,39,16,1837.75,19,14,1840.5,24,17,1837.5,33,20,1840.75,25,15,1837.25,21,15,1841,31,19,1837,33,17,1841.25,46,19,1836.75,39,21,1841.5,41,21
ESH6,11-FEB-2016,00:00:21.537975,-6,Market Depth,1839,6,3,1839.25,80,17,1838.75,25,20,1839.5,114,27,1838.5,267,24,1839.75,26,16,1838.25,30,18,1840,31,18,1838,110,28,1840.25,39,16,1837.75,19,14,1840.5,24,17,1837.5,33,20,1840.75,25,15,1837.25,21,15,1841,31,19,1837,33,17,1841.25,46,19,1836.75,39,21,1841.5,41,21
ESH6,11-FEB-2016,00:00:22.537946,-6,Market Depth,1839,7,4,1839.25,80,17,1838.75,25,20,1839.5,114,27,1838.5,267,24,1839.75,26,16,1838.25,30,18,1840,31,18,1838,110,28,1840.25,39,16,1837.75,19,14,1840.5,24,17,1837.5,33,20,1840.75,25,15,1837.25,21,15,1841,31,19,1837,33,17,1841.25,46,19,1836.75,39,21,1841.5,41,21
ESH6,11-FEB-2016,00:00:22.537946,-6,Market Depth,1839,7,4,1839.25,80,17,1838.75,26,21,1839.5,114,27,1838.5,267,24,1839.75,26,16,1838.25,30,18,1840,31,18,1838,110,28,1840.25,39,16,1837.75,19,14,1840.5,24,17,1837.5,33,20,1840.75,25,15,1837.25,21,15,1841,31,19,1837,33,17,1841.25,46,19,1836.75,39,21,1841.5,41,21
ESH6,11-FEB-2016,00:00:23.461768,-6,Market Depth,1839,7,4,1839.25,77,17,1838.75,26,21,1839.5,114,27,1838.5,267,24,1839.75,26,16,1838.25,30,18,1840,31,18,1838,110,28,1840.25,39,16,1837.75,19,14,1840.5,24,17,1837.5,33,20,1840.75,25,15,1837.25,21,15,1841,31,19,1837,33,17,1841.25,46,19,1836.75,39,21,1841.5,41,21
ESH6,11-FEB-2016,00:00:23.461768,-6,Market Depth,1839,7,4,1839.25,76,16,1838.75,26,21,1839.5,114,27,1838.5,267,24,1839.75,26,16,1838.25,30,18,1840,31,18,1838,110,28,1840.25,39,16,1837.75,19,14,1840.5,24,17,1837.5,33,20,1840.75,25,15,1837.25,21,15,1841,31,19,1837,33,17,1841.25,46,19,1836.75,39,21,1841.5,41,21
ESH6,11-FEB-2016,00:00:23.461768,-6,Market Depth,1839,7,4,1839.25,75,15,1838.75,26,21,1839.5,114,27,1838.5,267,24,1839.75,26,16,1838.25,30,18,1840,31,18,1838,110,28,1840.25,39,16,1837.75,19,14,1840.5,24,17,1837.5,33,20,1840.75,25,15,1837.25,21,15,1841,31,19,1837,33,17,1841.25,46,19,1836.75,39,21,1841.5,41,21
ESH6,11-FEB-2016,00:00:23.461768,-6,Market Depth,1839,7,4,1839.25,75,15,1838.75,26,21,1839.5,114,27,1838.5,267,24,1839.75,28,17,1838.25,30,18,1840,31,18,1838,110,28,1840.25,39,16,1837.75,19,14,1840.5,24,17,1837.5,33,20,1840.75,25,15,1837.25,21,15,1841,31,19,1837,33,17,1841.25,46,19,1836.75,39,21,1841.5,41,21
ESH6,11-FEB-2016,00:00:23.461768,-6,Market Depth,1839,7,4,1839.25,75,15,1838.75,27,22,1839.5,114,27,1838.5,267,24,1839.75,28,17,1838.25,30,18,1840,31,18,1838,110,28,1840.25,39,16,1837.75,19,14,1840.5,24,17,1837.5,33,20,1840.75,25,15,1837.25,21,15,1841,31,19,1837,33,17,1841.25,46,19,1836.75,39,21,1841.5,41,21
ESH6,11-FEB-2016,00:00:23.461768,-6,Market Depth,1839,14,5,1839.25,75,15,1838.75,27,22,1839.5,114,27,1838.5,267,24,1839.75,28,17,1838.25,30,18,1840,31,18,1838,110,28,1840.25,39,16,1837.75,19,14,1840.5,24,17,1837.5,33,20,1840.75,25,15,1837.25,21,15,1841,31,19,1837,33,17,1841.25,46,19,1836.75,39,21,1841.5,41,21
ESH6,11-FEB-2016,00:00:23.461768,-6,Market Depth,1839,14,5,1839.25,75,15,1838.75,27,22,1839.5,114,27,1838.5,260,23,1839.75,28,17,1838.25,30,18,1840,31,18,1838,110,28,1840.25,39,16,1837.75,19,14,1840.5,24,17,1837.5,33,20,1840.75,25,15,1837.25,21,15,1841,31,19,1837,33,17,1841.25,46,19,1836.75,39,21,1841.5,41,21
ESH6,11-FEB-2016,00:00:23.461768,-6,Market Depth,1839,14,5,1839.25,74,14,1838.75,27,22,1839.5,114,27,1838.5,260,23,1839.75,28,17,1838.25,30,18,1840,31,18,1838,110,28,1840.25,39,16,1837.75,19,14,1840.5,24,17,1837.5,33,20,1840.75,25,15,1837.25,21,15,1841,31,19,1837,33,17,1841.25,46,19,1836.75,39,21,1841.5,41,21
ESH6,11-FEB-2016,00:00:23.461768,-6,Market Depth,1839,15,6,1839.25,74,14,1838.75,27,22,1839.5,114,27,1838.5,260,23,1839.75,28,17,1838.25,30,18,1840,31,18,1838,110,28,1840.25,39,16,1837.75,19,14,1840.5,24,17,1837.5,33,20,1840.75,25,15,1837.25,21,15,1841,31,19,1837,33,17,1841.25,46,19,1836.75,39,21,1841.5,41,21
ESH6,11-FEB-2016,00:00:23.461768,-6,Market Depth,1839,15,6,1839.25,74,14,1838.75,26,21,1839.5,114,27,1838.5,260,23,1839.75,28,17,1838.25,30,18,1840,31,18,1838,110,28,1840.25,39,16,1837.75,19,14,1840.5,24,17,1837.5,33,20,1840.75,25,15,1837.25,21,15,1841,31,19,1837,33,17,1841.25,46,19,1836.75,39,21,1841.5,41,21
ESH6,11-FEB-2016,00:00:23.461768,-6,Market Depth,1839,15,6,1839.25,73,13,1838.75,26,21,1839.5,114,27,1838.5,260,23,1839.75,28,17,1838.25,30,18,1840,31,18,1838,110,28,1840.25,39,16,1837.75,19,14,1840.5,24,17,1837.5,33,20,1840.75,25,15,1837.25,21,15,1841,31,19,1837,33,17,1841.25,46,19,1836.75,39,21,1841.5,41,21
ESH6,11-FEB-2016,00:00:23.461768,-6,Market Depth,1839,16,7,1839.25,73,13,1838.75,26,21,1839.5,114,27,1838.5,260,23,1839.75,28,17,1838.25,30,18,1840,31,18,1838,110,28,1840.25,39,16,1837.75,19,14,1840.5,24,17,1837.5,33,20,1840.75,25,15,1837.25,21,15,1841,31,19,1837,33,17,1841.25,46,19,1836.75,39,21,1841.5,41,21
ESH6,11-FEB-2016,00:00:23.461768,-6,Market Depth,1839,16,7,1839.25,72,12,1838.75,26,21,1839.5,114,27,1838.5,260,23,1839.75,28,17,1838.25,30,18,1840,31,18,1838,110,28,1840.25,39,16,1837.75,19,14,1840.5,24,17,1837.5,33,20,1840.75,25,15,1837.25,21,15,1841,31,19,1837,33,17,1841.25,46,19,1836.75,39,21,1841.5,41,21
ESH6,11-FEB-2016,00:00:24.440272,-6,Market Depth,1839,20,8,1839.25,72,12,1838.75,26,21,1839.5,114,27,1838.5,260,23,1839.75,28,17,1838.25,30,18,1840,31,18,1838,110,28,1840.25,39,16,1837.75,19,14,1840.5,24,17,1837.5,33,20,1840.75,25,15,1837.25,21,15,1841,31,19,1837,33,17,1841.25,46,19,1836.75,39,21,1841.5,41,21
ESH6,11-FEB-2016,00:00:24.440272,-6,Market Depth,1839,20,8,1839.25,71,11,1838.75,26,21,1839.5,114,27,1838.5,260,23,1839.75,28,17,1838.25,30,18,1840,31,18,1838,110,28,1840.25,39,16,1837.75,19,14,1840.5,24,17,1837.5,33,20,1840.75,25,15,1837.25,21,15,1841,31,19,1837,33,17,1841.25,46,19,1836.75,39,21,1841.5,41,21
ESH6,11-FEB-2016,00:00:24.440272,-6,Market Depth,1839,20,8,1839.25,72,12,1838.75,26,21,1839.5,114,27,1838.5,260,23,1839.75,28,17,1838.25,30,18,1840,31,18,1838,110,28,1840.25,39,16,1837.75,19,14,1840.5,24,17,1837.5,33,20,1840.75,25,15,1837.25,21,15,1841,31,19,1837,33,17,1841.25,46,19,1836.75,39,21,1841.5,41,21
ESH6,11-FEB-2016,00:00:24.440272,-6,Market Depth,1839,20,8,1839.25,72,12,1838.75,28,22,1839.5,114,27,1838.5,260,23,1839.75,28,17,1838.25,30,18,1840,31,18,1838,110,28,1840.25,39,16,1837.75,19,14,1840.5,24,17,1837.5,33,20,1840.75,25,15,1837.25,21,15,1841,31,19,1837,33,17,1841.25,46,19,1836.75,39,21,1841.5,41,21
ESH6,11-FEB-2016,00:00:26.169774,-6,Market Depth,1839,20,8,1839.25,32,12,1838.75,28,22,1839.5,114,27,1838.5,260,23,1839.75,28,17,1838.25,30,18,1840,31,18,1838,110,28,1840.25,39,16,1837.75,19,14,1840.5,24,17,1837.5,33,20,1840.75,25,15,1837.25,21,15,1841,31,19,1837,33,17,1841.25,46,19,1836.75,39,21,1841.5,41,21
ESH6,11-FEB-2016,00:00:26.169774,-6,Market Depth,1839,21,9,1839.25,32,12,1838.75,28,22,1839.5,114,27,1838.5,260,23,1839.75,28,17,1838.25,30,18,1840,31,18,1838,110,28,1840.25,39,16,1837.75,19,14,1840.5,24,17,1837.5,33,20,1840.75,25,15,1837.25,21,15,1841,31,19,1837,33,17,1841.25,46,19,1836.75,39,21,1841.5,41,21
ESH6,11-FEB-2016,00:00:26.169774,-6,Market Depth,1839,21,9,1839.25,31,12,1838.75,28,22,1839.5,114,27,1838.5,260,23,1839.75,28,17,1838.25,30,18,1840,31,18,1838,110,28,1840.25,39,16,1837.75,19,14,1840.5,24,17,1837.5,33,20,1840.75,25,15,1837.25,21,15,1841,31,19,1837,33,17,1841.25,46,19,1836.75,39,21,1841.5,41,21
ESH6,11-FEB-2016,00:00:26.169774,-6,Market Depth,1839,21,9,1839.25,27,12,1838.75,28,22,1839.5,114,27,1838.5,260,23,1839.75,28,17,1838.25,30,18,1840,31,18,1838,110,28,1840.25,39,16,1837.75,19,14,1840.5,24,17,1837.5,33,20,1840.75,25,15,1837.25,21,15,1841,31,19,1837,33,17,1841.25,46,19,1836.75,39,21,1841.5,41,21
ESH6,11-FEB-2016,00:00:26.169774,-6,Market Depth,1839,21,9,1839.25,27,12,1838.75,28,22,1839.5,114,27,1838.5,260,23,1839.75,28,17,1838.25,30,18,1840,29,17,1838,110,28,1840.25,39,16,1837.75,19,14,1840.5,24,17,1837.5,33,20,1840.75,25,15,1837.25,21,15,1841,31,19,1837,33,17,1841.25,46,19,1836.75,39,21,1841.5,41,21
ESH6,11-FEB-2016,00:00:26.169774,-6,Market Depth,1839,21,9,1839.25,27,12,1838.75,28,22,1839.5,114,27,1838.5,260,23,1839.75,28,17,1838.25,30,18,1840,29,17,1838,110,28,1840.25,39,16,1837.75,19,14,1840.5,24,17,1837.5,33,20,1840.75,25,15,1837.25,21,15,1841,33,20,1837,33,17,1841.25,46,19,1836.75,39,21,1841.5,41,21
ESH6,11-FEB-2016,00:00:26.169774,-6,Market Depth,1839,21,9,1839.25,15,12,1838.75,28,22,1839.5,114,27,1838.5,260,23,1839.75,28,17,1838.25,30,18,1840,29,17,1838,110,28,1840.25,39,16,1837.75,19,14,1840.5,24,17,1837.5,33,20,1840.75,25,15,1837.25,21,15,1841,33,20,1837,33,17,1841.25,46,19,1836.75,39,21,1841.5,41,21
ESH6,11-FEB-2016,00:00:26.169774,-6,Market Depth,1839,21,9,1839.25,13,10,1838.75,28,22,1839.5,114,27,1838.5,260,23,1839.75,28,17,1838.25,30,18,1840,29,17,1838,110,28,1840.25,39,16,1837.75,19,14,1840.5,24,17,1837.5,33,20,1840.75,25,15,1837.25,21,15,1841,33,20,1837,33,17,1841.25,46,19,1836.75,39,21,1841.5,41,21
ESH6,11-FEB-2016,00:00:26.169774,-6,Market Depth,1839,21,9,1839.25,13,10,1838.75,28,22,1839.5,112,26,1838.5,260,23,1839.75,28,17,1838.25,30,18,1840,29,17,1838,110,28,1840.25,39,16,1837.75,19,14,1840.5,24,17,1837.5,33,20,1840.75,25,15,1837.25,21,15,1841,33,20,1837,33,17,1841.25,46,19,1836.75,39,21,1841.5,41,21
ESH6,11-FEB-2016,00:00:26.169774,-6,Market Depth,1839,21,9,1839.25,13,10,1838.75,28,22,1839.5,112,26,1838.5,258,22,1839.75,28,17,1838.25,30,18,1840,29,17,1838,110,28,1840.25,39,16,1837.75,19,14,1840.5,24,17,1837.5,33,20,1840.75,25,15,1837.25,21,15,1841,33,20,1837,33,17,1841.25,46,19,1836.75,39,21,1841.5,41,21
ESH6,11-FEB-2016,00:00:26.169774,-6,Market Depth,1839,21,9,1839.25,13,10,1838.75,30,23,1839.5,112,26,1838.5,258,22,1839.75,28,17,1838.25,30,18,1840,29,17,1838,110,28,1840.25,39,16,1837.75,19,14,1840.5,24,17,1837.5,33,20,1840.75,25,15,1837.25,21,15,1841,33,20,1837,33,17,1841.25,46,19,1836.75,39,21,1841.5,41,21
ESH6,11-FEB-2016,00:00:26.169774,-6,Market Depth,1839,21,9,1839.25,13,10,1838.75,30,23,1839.5,112,26,1838.5,256,21,1839.75,28,17,1838.25,30,18,1840,29,17,1838,110,28,1840.25,39,16,1837.75,19,14,1840.5,24,17,1837.5,33,20,1840.75,25,15,1837.25,21,15,1841,33,20,1837,33,17,1841.25,46,19,1836.75,39,21,1841.5,41,21
ESH6,11-FEB-2016,00:00:26.169774,-6,Market Depth,1839,22,10,1839.25,13,10,1838.75,30,23,1839.5,112,26,1838.5,256,21,1839.75,28,17,1838.25,30,18,1840,29,17,1838,110,28,1840.25,39,16,1837.75,19,14,1840.5,24,17,1837.5,33,20,1840.75,25,15,1837.25,21,15,1841,33,20,1837,33,17,1841.25,46,19,1836.75,39,21,1841.5,41,21
ESH6,11-FEB-2016,00:00:26.169774,-6,Market Depth,1839,23,11,1839.25,13,10,1838.75,30,23,1839.5,112,26,1838.5,256,21,1839.75,28,17,1838.25,30,18,1840,29,17,1838,110,28,1840.25,39,16,1837.75,19,14,1840.5,24,17,1837.5,33,20,1840.75,25,15,1837.25,21,15,1841,33,20,1837,33,17,1841.25,46,19,1836.75,39,21,1841.5,41,21
ESH6,11-FEB-2016,00:00:26.169774,-6,Market Depth,1839,23,11,1839.25,11,8,1838.75,30,23,1839.5,112,26,1838.5,256,21,1839.75,28,17,1838.25,30,18,1840,29,17,1838,110,28,1840.25,39,16,1837.75,19,14,1840.5,24,17,1837.5,33,20,1840.75,25,15,1837.25,21,15,1841,33,20,1837,33,17,1841.25,46,19,1836.75,39,21,1841.5,41,21
ESH6,11-FEB-2016,00:00:26.169774,-6,Market Depth,1839,23,11,1839.25,12,9,1838.75,30,23,1839.5,112,26,1838.5,256,21,1839.75,28,17,1838.25,30,18,1840,29,17,1838,110,28,1840.25,39,16,1837.75,19,14,1840.5,24,17,1837.5,33,20,1840.75,25,15,1837.25,21,15,1841,33,20,1837,33,17,1841.25,46,19,1836.75,39,21,1841.5,41,21
ESH6,11-FEB-2016,00:00:26.169774,-6,Market Depth,1839,22,10,1839.25,12,9,1838.75,30,23,1839.5,112,26,1838.5,256,21,1839.75,28,17,1838.25,30,18,1840,29,17,1838,110,28,1840.25,39,16,1837.75,19,14,1840.5,24,17,1837.5,33,20,1840.75,25,15,1837.25,21,15,1841,33,20,1837,33,17,1841.25,46,19,1836.75,39,21,1841.5,41,21
ESH6,11-FEB-2016,00:00:26.169774,-6,Market Depth,1839,22,10,1839.25,11,8,1838.75,30,23,1839.5,112,26,1838.5,256,21,1839.75,28,17,1838.25,30,18,1840,29,17,1838,110,28,1840.25,39,16,1837.75,19,14,1840.5,24,17,1837.5,33,20,1840.75,25,15,1837.25,21,15,1841,33,20,1837,33,17,1841.25,46,19,1836.75,39,21,1841.5,41,21
ESH6,11-FEB-2016,00:00:26.169774,-6,Market Depth,1839,22,10,1839.25,11,8,1838.75,32,24,1839.5,112,26,1838.5,256,21,1839.75,28,17,1838.25,30,18,1840,29,17,1838,110,28,1840.25,39,16,1837.75,19,14,1840.5,24,17,1837.5,33,20,1840.75,25,15,1837.25,21,15,1841,33,20,1837,33,17,1841.25,46,19,1836.75,39,21,1841.5,41,21
ESH6,11-FEB-2016,00:00:26.169774,-6,Market Depth,1839,22,10,1839.25,10,7,1838.75,32,24,1839.5,112,26,1838.5,256,21,1839.75,28,17,1838.25,30,18,1840,29,17,1838,110,28,1840.25,39,16,1837.75,19,14,1840.5,24,17,1837.5,33,20,1840.75,25,15,1837.25,21,15,1841,33,20,1837,33,17,1841.25,46,19,1836.75,39,21,1841.5,41,21
ESH6,11-FEB-2016,00:00:26.169774,-6,Market Depth,1839,22,10,1839.25,10,7,1838.75,32,24,1839.5,110,25,1838.5,256,21,1839.75,28,17,1838.25,30,18,1840,29,17,1838,110,28,1840.25,39,16,1837.75,19,14,1840.5,24,17,1837.5,33,20,1840.75,25,15,1837.25,21,15,1841,33,20,1837,33,17,1841.25,46,19,1836.75,39,21,1841.5,41,21
ESH6,11-FEB-2016,00:00:26.169774,-6,Market Depth,1839,22,10,1839.25,10,7,1838.75,32,24,1839.5,110,25,1838.5,256,21,1839.75,30,18,1838.25,30,18,1840,29,17,1838,110,28,1840.25,39,16,1837.75,19,14,1840.5,24,17,1837.5,33,20,1840.75,25,15,1837.25,21,15,1841,33,20,1837,33,17,1841.25,46,19,1836.75,39,21,1841.5,41,21
ESH6,11-FEB-2016,00:00:26.169774,-6,Market Depth,1839,22,10,1839.25,10,7,1838.75,32,24,1839.5,108,24,1838.5,256,21,1839.75,30,18,1838.25,30,18,1840,29,17,1838,110,28,1840.25,39,16,1837.75,19,14,1840.5,24,17,1837.5,33,20,1840.75,25,15,1837.25,21,15,1841,33,20,1837,33,17,1841.25,46,19,1836.75,39,21,1841.5,41,21
ESH6,11-FEB-2016,00:00:26.169774,-6,Market Depth,1839,23,11,1839.25,10,7,1838.75,32,24,1839.5,108,24,1838.5,256,21,1839.75,30,18,1838.25,30,18,1840,29,17,1838,110,28,1840.25,39,16,1837.75,19,14,1840.5,24,17,1837.5,33,20,1840.75,25,15,1837.25,21,15,1841,33,20,1837,33,17,1841.25,46,19,1836.75,39,21,1841.5,41,21
ESH6,11-FEB-2016,00:00:26.169774,-6,Market Depth,1839,23,11,1839.25,10,7,1838.75,33,25,1839.5,108,24,1838.5,256,21,1839.75,30,18,1838.25,30,18,1840,29,17,1838,110,28,1840.25,39,16,1837.75,19,14,1840.5,24,17,1837.5,33,20,1840.75,25,15,1837.25,21,15,1841,33,20,1837,33,17,1841.25,46,19,1836.75,39,21,1841.5,41,21
ESH6,11-FEB-2016,00:00:26.169774,-6,Market Depth,1839,23,11,1839.25,10,7,1838.75,33,25,1839.5,108,24,1838.5,256,21,1839.75,32,19,1838.25,30,18,1840,29,17,1838,110,28,1840.25,39,16,1837.75,19,14,1840.5,24,17,1837.5,33,20,1840.75,25,15,1837.25,21,15,1841,33,20,1837,33,17,1841.25,46,19,1836.75,39,21,1841.5,41,21
ESH6,11-FEB-2016,00:00:26.169774,-6,Market Depth,1839,23,11,1839.25,10,7,1838.75,33,25,1839.5,108,24,1838.5,255,20,1839.75,32,19,1838.25,30,18,1840,29,17,1838,110,28,1840.25,39,16,1837.75,19,14,1840.5,24,17,1837.5,33,20,1840.75,25,15,1837.25,21,15,1841,33,20,1837,33,17,1841.25,46,19,1836.75,39,21,1841.5,41,21
ESH6,11-FEB-2016,00:00:26.169774,-6,Market Depth,1839,23,11,1839.25,10,7,1838.75,33,25,1839.5,107,23,1838.5,255,20,1839.75,32,19,1838.25,30,18,1840,29,17,1838,110,28,1840.25,39,16,1837.75,19,14,1840.5,24,17,1837.5,33,20,1840.75,25,15,1837.25,21,15,1841,33,20,1837,33,17,1841.25,46,19,1836.75,39,21,1841.5,41,21
ESH6,11-FEB-2016,00:00:26.169774,-6,Market Depth,1839,23,11,1839.25,10,7,1838.75,33,25,1839.5,106,22,1838.5,255,20,1839.75,32,19,1838.25,30,18,1840,29,17,1838,110,28,1840.25,39,16,1837.75,19,14,1840.5,24,17,1837.5,33,20,1840.75,25,15,1837.25,21,15,1841,33,20,1837,33,17,1841.25,46,19,1836.75,39,21,1841.5,41,21
ESH6,11-FEB-2016,00:00:26.169774,-6,Market Depth,1839,23,11,1839.25,10,7,1838.75,33,25,1839.5,106,22,1838.5,255,20,1839.75,33,20,1838.25,30,18,1840,29,17,1838,110,28,1840.25,39,16,1837.75,19,14,1840.5,24,17,1837.5,33,20,1840.75,25,15,1837.25,21,15,1841,33,20,1837,33,17,1841.25,46,19,1836.75,39,21,1841.5,41,21
ESH6,11-FEB-2016,00:00:26.169774,-6,Market Depth,1839,23,11,1839.25,10,7,1838.75,34,26,1839.5,106,22,1838.5,255,20,1839.75,33,20,1838.25,30,18,1840,29,17,1838,110,28,1840.25,39,16,1837.75,19,14,1840.5,24,17,1837.5,33,20,1840.75,25,15,1837.25,21,15,1841,33,20,1837,33,17,1841.25,46,19,1836.75,39,21,1841.5,41,21
ESH6,11-FEB-2016,00:00:26.169774,-6,Market Depth,1839,23,11,1839.25,10,7,1838.75,34,26,1839.5,106,22,1838.5,254,19,1839.75,33,20,1838.25,30,18,1840,29,17,1838,110,28,1840.25,39,16,1837.75,19,14,1840.5,24,17,1837.5,33,20,1840.75,25,15,1837.25,21,15,1841,33,20,1837,33,17,1841.25,46,19,1836.75,39,21,1841.5,41,21
ESH6,11-FEB-2016,00:00:26.169774,-6,Market Depth,1839,23,11,1839.25,10,7,1838.75,34,26,1839.5,106,22,1838.5,254,19,1839.75,28,19,1838.25,30,18,1840,29,17,1838,110,28,1840.25,39,16,1837.75,19,14,1840.5,24,17,1837.5,33,20,1840.75,25,15,1837.25,21,15,1841,33,20,1837,33,17,1841.25,46,19,1836.75,39,21,1841.5,41,21
ESH6,11-FEB-2016,00:00:26.169774,-6,Market Depth,1839,23,11,1839.25,10,7,1838.75,34,26,1839.5,106,22,1838.5,254,19,1839.75,28,19,1838.25,30,18,1840,29,17,1838,110,28,1840.25,44,17,1837.75,19,14,1840.5,24,17,1837.5,33,20,1840.75,25,15,1837.25,21,15,1841,33,20,1837,33,17,1841.25,46,19,1836.75,39,21,1841.5,41,21
ESH6,11-FEB-2016,00:00:26.169774,-6,Market Depth,1839,23,11,1839.25,10,7,1838.75,34,26,1839.5,105,21,1838.5,254,19,1839.75,28,19,1838.25,30,18,1840,29,17,1838,110,28,1840.25,44,17,1837.75,19,14,1840.5,24,17,1837.5,33,20,1840.75,25,15,1837.25,21,15,1841,33,20,1837,33,17,1841.25,46,19,1836.75,39,21,1841.5,41,21
ESH6,11-FEB-2016,00:00:26.169774,-6,Market Depth,1839,23,11,1839.25,10,7,1838.75,34,26,1839.5,103,20,1838.5,254,19,1839.75,28,19,1838.25,30,18,1840,29,17,1838,110,28,1840.25,44,17,1837.75,19,14,1840.5,24,17,1837.5,33,20,1840.75,25,15,1837.25,21,15,1841,33,20,1837,33,17,1841.25,46,19,1836.75,39,21,1841.5,41,21
ESH6,11-FEB-2016,00:00:26.169774,-6,Market Depth,1839,23,11,1839.25,10,7,1838.75,34,26,1839.5,103,20,1838.5,254,19,1839.75,29,20,1838.25,30,18,1840,29,17,1838,110,28,1840.25,44,17,1837.75,19,14,1840.5,24,17,1837.5,33,20,1840.75,25,15,1837.25,21,15,1841,33,20,1837,33,17,1841.25,46,19,1836.75,39,21,1841.5,41,21
ESH6,11-FEB-2016,00:00:26.169774,-6,Market Depth,1839,23,11,1839.25,10,7,1838.75,34,26,1839.5,103,20,1838.5,254,19,1839.75,31,21,1838.25,30,18,1840,29,17,1838,110,28,1840.25,44,17,1837.75,19,14,1840.5,24,17,1837.5,33,20,1840.75,25,15,1837.25,21,15,1841,33,20,1837,33,17,1841.25,46,19,1836.75,39,21,1841.5,41,21
ESH6,11-FEB-2016,00:00:26.169774,-6,Market Depth,1839,24,12,1839.25,10,7,1838.75,34,26,1839.5,103,20,1838.5,254,19,1839.75,31,21,1838.25,30,18,1840,29,17,1838,110,28,1840.25,44,17,1837.75,19,14,1840.5,24,17,1837.5,33,20,1840.75,25,15,1837.25,21,15,1841,33,20,1837,33,17,1841.25,46,19,1836.75,39,21,1841.5,41,21
ESH6,11-FEB-2016,00:00:26.169774,-6,Market Depth,1839,24,12,1839.25,10,7,1838.75,34,26,1839.5,101,19,1838.5,254,19,1839.75,31,21,1838.25,30,18,1840,29,17,1838,110,28,1840.25,44,17,1837.75,19,14,1840.5,24,17,1837.5,33,20,1840.75,25,15,1837.25,21,15,1841,33,20,1837,33,17,1841.25,46,19,1836.75,39,21,1841.5,41,21
ESH6,11-FEB-2016,00:00:26.169774,-6,Market Depth,1839,24,12,1839.25,10,7,1838.75,34,26,1839.5,101,19,1838.5,254,19,1839.75,33,22,1838.25,30,18,1840,29,17,1838,110,28,1840.25,44,17,1837.75,19,14,1840.5,24,17,1837.5,33,20,1840.75,25,15,1837.25,21,15,1841,33,20,1837,33,17,1841.25,46,19,1836.75,39,21,1841.5,41,21
ESH6,11-FEB-2016,00:00:26.169774,-6,Market Depth,1839,24,12,1839.25,10,7,1838.75,34,26,1839.5,99,18,1838.5,254,19,1839.75,33,22,1838.25,30,18,1840,29,17,1838,110,28,1840.25,44,17,1837.75,19,14,1840.5,24,17,1837.5,33,20,1840.75,25,15,1837.25,21,15,1841,33,20,1837,33,17,1841.25,46,19,1836.75,39,21,1841.5,41,21
ESH6,11-FEB-2016,00:00:26.169774,-6,Market Depth,1839,24,12,1839.25,10,7,1838.75,34,26,1839.5,99,18,1838.5,254,19,1839.75,35,23,1838.25,30,18,1840,29,17,1838,110,28,1840.25,44,17,1837.75,19,14,1840.5,24,17,1837.5,33,20,1840.75,25,15,1837.25,21,15,1841,33,20,1837,33,17,1841.25,46,19,1836.75,39,21,1841.5,41,21
ESH6,11-FEB-2016,00:00:26.169778,-6,Market Depth,1839,24,12,1839.25,10,7,1838.75,32,25,1839.5,99,18,1838.5,254,19,1839.75,35,23,1838.25,30,18,1840,29,17,1838,110,28,1840.25,44,17,1837.75,19,14,1840.5,24,17,1837.5,33,20,1840.75,25,15,1837.25,21,15,1841,33,20,1837,33,17,1841.25,46,19,1836.75,39,21,1841.5,41,21
ESH6,11-FEB-2016,00:00:26.169778,-6,Market Depth,1839,24,12,1839.25,10,7,1838.75,32,25,1839.5,99,18,1838.5,256,20,1839.75,35,23,1838.25,30,18,1840,29,17,1838,110,28,1840.25,44,17,1837.75,19,14,1840.5,24,17,1837.5,33,20,1840.75,25,15,1837.25,21,15,1841,33,20,1837,33,17,1841.25,46,19,1836.75,39,21,1841.5,41,21
ESH6,11-FEB-2016,00:00:26.169778,-6,Market Depth,1839,24,12,1839.25,10,7,1838.75,30,24,1839.5,99,18,1838.5,256,20,1839.75,35,23,1838.25,30,18,1840,29,17,1838,110,28,1840.25,44,17,1837.75,19,14,1840.5,24,17,1837.5,33,20,1840.75,25,15,1837.25,21,15,1841,33,20,1837,33,17,1841.25,46,19,1836.75,39,21,1841.5,41,21
ESH6,11-FEB-2016,00:00:26.169778,-6,Market Depth,1839,24,12,1839.25,10,7,1838.75,30,24,1839.5,99,18,1838.5,258,21,1839.75,35,23,1838.25,30,18,1840,29,17,1838,110,28,1840.25,44,17,1837.75,19,14,1840.5,24,17,1837.5,33,20,1840.75,25,15,1837.25,21,15,1841,33,20,1837,33,17,1841.25,46,19,1836.75,39,21,1841.5,41,21
ESH6,11-FEB-2016,00:00:26.169778,-6,Market Depth,1839,24,12,1839.25,10,7,1838.75,30,24,1839.5,99,18,1838.5,258,21,1839.75,33,22,1838.25,30,18,1840,29,17,1838,110,28,1840.25,44,17,1837.75,19,14,1840.5,24,17,1837.5,33,20,1840.75,25,15,1837.25,21,15,1841,33,20,1837,33,17,1841.25,46,19,1836.75,39,21,1841.5,41,21
ESH6,11-FEB-2016,00:00:26.169778,-6,Market Depth,1839,24,12,1839.25,10,7,1838.75,30,24,1839.5,101,19,1838.5,258,21,1839.75,33,22,1838.25,30,18,1840,29,17,1838,110,28,1840.25,44,17,1837.75,19,14,1840.5,24,17,1837.5,33,20,1840.75,25,15,1837.25,21,15,1841,33,20,1837,33,17,1841.25,46,19,1836.75,39,21,1841.5,41,21
ESH6,11-FEB-2016,00:00:26.169786,-6,Market Depth,1839,24,12,1839.25,10,7,1838.75,30,24,1839.5,103,20,1838.5,258,21,1839.75,33,22,1838.25,30,18,1840,29,17,1838,110,28,1840.25,44,17,1837.75,19,14,1840.5,24,17,1837.5,33,20,1840.75,25,15,1837.25,21,15,1841,33,20,1837,33,17,1841.25,46,19,1836.75,39,21,1841.5,41,21
ESH6,11-FEB-2016,00:00:26.169786,-6,Market Depth,1839,24,12,1839.25,10,7,1838.75,30,24,1839.5,104,21,1838.5,258,21,1839.75,33,22,1838.25,30,18,1840,29,17,1838,110,28,1840.25,44,17,1837.75,19,14,1840.5,24,17,1837.5,33,20,1840.75,25,15,1837.25,21,15,1841,33,20,1837,33,17,1841.25,46,19,1836.75,39,21,1841.5,41,21
ESH6,11-FEB-2016,00:00:26.169786,-6,Market Depth,1839,23,11,1839.25,10,7,1838.75,30,24,1839.5,104,21,1838.5,258,21,1839.75,33,22,1838.25,30,18,1840,29,17,1838,110,28,1840.25,44,17,1837.75,19,14,1840.5,24,17,1837.5,33,20,1840.75,25,15,1837.25,21,15,1841,33,20,1837,33,17,1841.25,46,19,1836.75,39,21,1841.5,41,21
ESH6,11-FEB-2016,00:00:26.169786,-6,Market Depth,1839,23,11,1839.25,10,7,1838.75,30,24,1839.5,104,21,1838.5,258,21,1839.75,31,21,1838.25,30,18,1840,29,17,1838,110,28,1840.25,44,17,1837.75,19,14,1840.5,24,17,1837.5,33,20,1840.75,25,15,1837.25,21,15,1841,33,20,1837,33,17,1841.25,46,19,1836.75,39,21,1841.5,41,21
ESH6,11-FEB-2016,00:00:26.169786,-6,Market Depth,1839,23,11,1839.25,10,7,1838.75,30,24,1839.5,106,22,1838.5,258,21,1839.75,31,21,1838.25,30,18,1840,29,17,1838,110,28,1840.25,44,17,1837.75,19,14,1840.5,24,17,1837.5,33,20,1840.75,25,15,1837.25,21,15,1841,33,20,1837,33,17,1841.25,46,19,1836.75,39,21,1841.5,41,21
ESH6,11-FEB-2016,00:00:26.169786,-6,Market Depth,1839,23,11,1839.25,10,7,1838.75,30,24,1839.5,106,22,1838.5,258,21,1839.75,29,20,1838.25,30,18,1840,29,17,1838,110,28,1840.25,44,17,1837.75,19,14,1840.5,24,17,1837.5,33,20,1840.75,25,15,1837.25,21,15,1841,33,20,1837,33,17,1841.25,46,19,1836.75,39,21,1841.5,41,21
ESH6,11-FEB-2016,00:00:26.169786,-6,Market Depth,1839,22,10,1839.25,10,7,1838.75,30,24,1839.5,106,22,1838.5,258,21,1839.75,29,20,1838.25,30,18,1840,29,17,1838,110,28,1840.25,44,17,1837.75,19,14,1840.5,24,17,1837.5,33,20,1840.75,25,15,1837.25,21,15,1841,33,20,1837,33,17,1841.25,46,19,1836.75,39,21,1841.5,41,21
ESH6,11-FEB-2016,00:00:26.169786,-6,Market Depth,1839,21,9,1839.25,10,7,1838.75,30,24,1839.5,106,22,1838.5,258,21,1839.75,29,20,1838.25,30,18,1840,29,17,1838,110,28,1840.25,44,17,1837.75,19,14,1840.5,24,17,1837.5,33,20,1840.75,25,15,1837.25,21,15,1841,33,20,1837,33,17,1841.25,46,19,1836.75,39,21,1841.5,41,21
ESH6,11-FEB-2016,00:00:26.169786,-6,Market Depth,1839,21,9,1839.25,10,7,1838.75,30,24,1839.5,104,21,1838.5,258,21,1839.75,29,20,1838.25,30,18,1840,29,17,1838,110,28,1840.25,44,17,1837.75,19,14,1840.5,24,17,1837.5,33,20,1840.75,25,15,1837.25,21,15,1841,33,20,1837,33,17,1841.25,46,19,1836.75,39,21,1841.5,41,21
ESH6,11-FEB-2016,00:00:26.169786,-6,Market Depth,1839,21,9,1839.25,10,7,1838.75,32,25,1839.5,104,21,1838.5,258,21,1839.75,29,20,1838.25,30,18,1840,29,17,1838,110,28,1840.25,44,17,1837.75,19,14,1840.5,24,17,1837.5,33,20,1840.75,25,15,1837.25,21,15,1841,33,20,1837,33,17,1841.25,46,19,1836.75,39,21,1841.5,41,21
ESH6,11-FEB-2016,00:00:26.415856,-6,Market Depth,1839,21,9,1839.25,10,7,1838.75,32,25,1839.5,104,21,1838.5,256,20,1839.75,29,20,1838.25,30,18,1840,29,17,1838,110,28,1840.25,44,17,1837.75,19,14,1840.5,24,17,1837.5,33,20,1840.75,25,15,1837.25,21,15,1841,33,20,1837,33,17,1841.25,46,19,1836.75,39,21,1841.5,41,21
ESH6,11-FEB-2016,00:00:26.415856,-6,Market Depth,1839,21,9,1839.25,10,7,1838.75,32,25,1839.5,103,20,1838.5,256,20,1839.75,29,20,1838.25,30,18,1840,29,17,1838,110,28,1840.25,44,17,1837.75,19,14,1840.5,24,17,1837.5,33,20,1840.75,25,15,1837.25,21,15,1841,33,20,1837,33,17,1841.25,46,19,1836.75,39,21,1841.5,41,21
ESH6,11-FEB-2016,00:00:26.415856,-6,Market Depth,1839,21,9,1839.25,10,7,1838.75,32,25,1839.5,101,19,1838.5,256,20,1839.75,29,20,1838.25,30,18,1840,29,17,1838,110,28,1840.25,44,17,1837.75,19,14,1840.5,24,17,1837.5,33,20,1840.75,25,15,1837.25,21,15,1841,33,20,1837,33,17,1841.25,46,19,1836.75,39,21,1841.5,41,21
ESH6,11-FEB-2016,00:00:26.415856,-6,Market Depth,1839,21,9,1839.25,10,7,1838.75,32,25,1839.5,103,20,1838.5,256,20,1839.75,29,20,1838.25,30,18,1840,29,17,1838,110,28,1840.25,44,17,1837.75,19,14,1840.5,24,17,1837.5,33,20,1840.75,25,15,1837.25,21,15,1841,33,20,1837,33,17,1841.25,46,19,1836.75,39,21,1841.5,41,21
ESH6,11-FEB-2016,00:00:26.415856,-6,Market Depth,1839,21,9,1839.25,10,7,1838.75,32,25,1839.5,103,20,1838.5,256,20,1839.75,27,19,1838.25,30,18,1840,29,17,1838,110,28,1840.25,44,17,1837.75,19,14,1840.5,24,17,1837.5,33,20,1840.75,25,15,1837.25,21,15,1841,33,20,1837,33,17,1841.25,46,19,1836.75,39,21,1841.5,41,21
ESH6,11-FEB-2016,00:00:26.415856,-6,Market Depth,1839,21,9,1839.25,10,7,1838.75,32,25,1839.5,103,20,1838.5,256,20,1839.75,29,20,1838.25,30,18,1840,29,17,1838,110,28,1840.25,44,17,1837.75,19,14,1840.5,24,17,1837.5,33,20,1840.75,25,15,1837.25,21,15,1841,33,20,1837,33,17,1841.25,46,19,1836.75,39,21,1841.5,41,21
ESH6,11-FEB-2016,00:00:26.415856,-6,Market Depth,1839,21,9,1839.25,10,7,1838.75,32,25,1839.5,103,20,1838.5,256,20,1839.75,31,21,1838.25,30,18,1840,29,17,1838,110,28,1840.25,44,17,1837.75,19,14,1840.5,24,17,1837.5,33,20,1840.75,25,15,1837.25,21,15,1841,33,20,1837,33,17,1841.25,46,19,1836.75,39,21,1841.5,41,21
ESH6,11-FEB-2016,00:00:26.415856,-6,Market Depth,1839,21,9,1839.25,10,7,1838.75,30,24,1839.5,103,20,1838.5,256,20,1839.75,31,21,1838.25,30,18,1840,29,17,1838,110,28,1840.25,44,17,1837.75,19,14,1840.5,24,17,1837.5,33,20,1840.75,25,15,1837.25,21,15,1841,33,20,1837,33,17,1841.25,46,19,1836.75,39,21,1841.5,41,21
ESH6,11-FEB-2016,00:00:26.415856,-6,Market Depth,1839,21,9,1839.25,10,7,1838.75,30,24,1839.5,103,20,1838.5,256,20,1839.75,31,21,1838.25,30,18,1840,34,18,1838,110,28,1840.25,44,17,1837.75,19,14,1840.5,24,17,1837.5,33,20,1840.75,25,15,1837.25,21,15,1841,33,20,1837,33,17,1841.25,46,19,1836.75,39,21,1841.5,41,21
ESH6,11-FEB-2016,00:00:26.415856,-6,Market Depth,1839,21,9,1839.25,10,7,1838.75,30,24,1839.5,103,20,1838.5,256,20,1839.75,31,21,1838.25,30,18,1840,34,18,1838,110,28,1840.25,39,16,1837.75,19,14,1840.5,24,17,1837.5,33,20,1840.75,25,15,1837.25,21,15,1841,33,20,1837,33,17,1841.25,46,19,1836.75,39,21,1841.5,41,21
ESH6,11-FEB-2016,00:00:26.415856,-6,Market Depth,1839,20,8,1839.25,10,7,1838.75,30,24,1839.5,103,20,1838.5,256,20,1839.75,31,21,1838.25,30,18,1840,34,18,1838,110,28,1840.25,39,16,1837.75,19,14,1840.5,24,17,1837.5,33,20,1840.75,25,15,1837.25,21,15,1841,33,20,1837,33,17,1841.25,46,19,1836.75,39,21,1841.5,41,21
ESH6,11-FEB-2016,00:00:26.415856,-6,Market Depth,1839,19,7,1839.25,10,7,1838.75,30,24,1839.5,103,20,1838.5,256,20,1839.75,31,21,1838.25,30,18,1840,34,18,1838,110,28,1840.25,39,16,1837.75,19,14,1840.5,24,17,1837.5,33,20,1840.75,25,15,1837.25,21,15,1841,33,20,1837,33,17,1841.25,46,19,1836.75,39,21,1841.5,41,21
ESH6,11-FEB-2016,00:00:26.469518,-6,Market Depth,1839,19,7,1839.25,11,8,1838.75,30,24,1839.5,103,20,1838.5,256,20,1839.75,31,21,1838.25,30,18,1840,34,18,1838,110,28,1840.25,39,16,1837.75,19,14,1840.5,24,17,1837.5,33,20,1840.75,25,15,1837.25,21,15,1841,33,20,1837,33,17,1841.25,46,19,1836.75,39,21,1841.5,41,21
ESH6,11-FEB-2016,00:00:26.469518,-6,Market Depth,1839,15,6,1839.25,11,8,1838.75,30,24,1839.5,103,20,1838.5,256,20,1839.75,31,21,1838.25,30,18,1840,34,18,1838,110,28,1840.25,39,16,1837.75,19,14,1840.5,24,17,1837.5,33,20,1840.75,25,15,1837.25,21,15,1841,33,20,1837,33,17,1841.25,46,19,1836.75,39,21,1841.5,41,21
ESH6,11-FEB-2016,00:00:26.469518,-6,Market Depth,1839,15,6,1839.25,11,8,1838.75,30,24,1839.5,103,20,1838.5,258,21,1839.75,31,21,1838.25,30,18,1840,34,18,1838,110,28,1840.25,39,16,1837.75,19,14,1840.5,24,17,1837.5,33,20,1840.75,25,15,1837.25,21,15,1841,33,20,1837,33,17,1841.25,46,19,1836.75,39,21,1841.5,41,21
ESH6,11-FEB-2016,00:00:26.469518,-6,Market Depth,1839,15,6,1839.25,12,9,1838.75,30,24,1839.5,103,20,1838.5,258,21,1839.75,31,21,1838.25,30,18,1840,34,18,1838,110,28,1840.25,39,16,1837.75,19,14,1840.5,24,17,1837.5,33,20,1840.75,25,15,1837.25,21,15,1841,33,20,1837,33,17,1841.25,46,19,1836.75,39,21,1841.5,41,21
ESH6,11-FEB-2016,00:00:26.469518,-6,Market Depth,1839,15,6,1839.25,12,9,1838.75,29,23,1839.5,103,20,1838.5,258,21,1839.75,31,21,1838.25,30,18,1840,34,18,1838,110,28,1840.25,39,16,1837.75,19,14,1840.5,24,17,1837.5,33,20,1840.75,25,15,1837.25,21,15,1841,33,20,1837,33,17,1841.25,46,19,1836.75,39,21,1841.5,41,21
ESH6,11-FEB-2016,00:00:26.469518,-6,Market Depth,1839,15,6,1839.25,12,9,1838.75,29,23,1839.5,103,20,1838.5,258,21,1839.75,29,20,1838.25,30,18,1840,34,18,1838,110,28,1840.25,39,16,1837.75,19,14,1840.5,24,17,1837.5,33,20,1840.75,25,15,1837.25,21,15,1841,33,20,1837,33,17,1841.25,46,19,1836.75,39,21,1841.5,41,21
ESH6,11-FEB-2016,00:00:26.469518,-6,Market Depth,1839,15,6,1839.25,12,9,1838.75,29,23,1839.5,105,21,1838.5,258,21,1839.75,29,20,1838.25,30,18,1840,34,18,1838,110,28,1840.25,39,16,1837.75,19,14,1840.5,24,17,1837.5,33,20,1840.75,25,15,1837.25,21,15,1841,33,20,1837,33,17,1841.25,46,19,1836.75,39,21,1841.5,41,21
ESH6,11-FEB-2016,00:00:26.469518,-6,Market Depth,1839,15,6,1839.25,12,9,1838.75,29,23,1839.5,107,22,1838.5,258,21,1839.75,29,20,1838.25,30,18,1840,34,18,1838,110,28,1840.25,39,16,1837.75,19,14,1840.5,24,17,1837.5,33,20,1840.75,25,15,1837.25,21,15,1841,33,20,1837,33,17,1841.25,46,19,1836.75,39,21,1841.5,41,21
ESH6,11-FEB-2016,00:00:27.177538,-6,Market Depth,1839,15,6,1839.25,12,9,1838.75,29,23,1839.5,107,22,1838.5,258,21,1839.75,27,19,1838.25,30,18,1840,34,18,1838,110,28,1840.25,39,16,1837.75,19,14,1840.5,24,17,1837.5,33,20,1840.75,25,15,1837.25,21,15,1841,33,20,1837,33,17,1841.25,46,19,1836.75,39,21,1841.5,41,21
ESH6,11-FEB-2016,00:00:27.177538,-6,Market Depth,1839,15,6,1839.25,12,9,1838.75,29,23,1839.5,107,22,1838.5,259,22,1839.75,27,19,1838.25,30,18,1840,34,18,1838,110,28,1840.25,39,16,1837.75,19,14,1840.5,24,17,1837.5,33,20,1840.75,25,15,1837.25,21,15,1841,33,20,1837,33,17,1841.25,46,19,1836.75,39,21,1841.5,41,21
ESH6,11-FEB-2016,00:00:27.177538,-6,Market Depth,1839,15,6,1839.25,12,9,1838.75,29,23,1839.5,108,23,1838.5,259,22,1839.75,27,19,1838.25,30,18,1840,34,18,1838,110,28,1840.25,39,16,1837.75,19,14,1840.5,24,17,1837.5,33,20,1840.75,25,15,1837.25,21,15,1841,33,20,1837,33,17,1841.25,46,19,1836.75,39,21,1841.5,41,21
ESH6,11-FEB-2016,00:00:27.177538,-6,Market Depth,1839,15,6,1839.25,12,9,1838.75,29,23,1839.5,109,24,1838.5,259,22,1839.75,27,19,1838.25,30,18,1840,34,18,1838,110,28,1840.25,39,16,1837.75,19,14,1840.5,24,17,1837.5,33,20,1840.75,25,15,1837.25,21,15,1841,33,20,1837,33,17,1841.25,46,19,1836.75,39,21,1841.5,41,21
ESH6,11-FEB-2016,00:00:27.177538,-6,Market Depth,1839,15,6,1839.25,12,9,1838.75,29,23,1839.5,109,24,1838.5,259,22,1839.75,26,18,1838.25,30,18,1840,34,18,1838,110,28,1840.25,39,16,1837.75,19,14,1840.5,24,17,1837.5,33,20,1840.75,25,15,1837.25,21,15,1841,33,20,1837,33,17,1841.25,46,19,1836.75,39,21,1841.5,41,21
ESH6,11-FEB-2016,00:00:27.177538,-6,Market Depth,1839,15,6,1839.25,12,9,1838.75,29,23,1839.5,111,25,1838.5,259,22,1839.75,26,18,1838.25,30,18,1840,34,18,1838,110,28,1840.25,39,16,1837.75,19,14,1840.5,24,17,1837.5,33,20,1840.75,25,15,1837.25,21,15,1841,33,20,1837,33,17,1841.25,46,19,1836.75,39,21,1841.5,41,21
ESH6,11-FEB-2016,00:00:27.177538,-6,Market Depth,1839,15,6,1839.25,12,9,1838.75,29,23,1839.5,111,25,1838.5,259,22,1839.75,24,17,1838.25,30,18,1840,34,18,1838,110,28,1840.25,39,16,1837.75,19,14,1840.5,24,17,1837.5,33,20,1840.75,25,15,1837.25,21,15,1841,33,20,1837,33,17,1841.25,46,19,1836.75,39,21,1841.5,41,21
ESH6,11-FEB-2016,00:00:27.177538,-6,Market Depth,1839,15,6,1839.25,12,9,1838.75,30,24,1839.5,111,25,1838.5,259,22,1839.75,24,17,1838.25,30,18,1840,34,18,1838,110,28,1840.25,39,16,1837.75,19,14,1840.5,24,17,1837.5,33,20,1840.75,25,15,1837.25,21,15,1841,33,20,1837,33,17,1841.25,46,19,1836.75,39,21,1841.5,41,21
ESH6,11-FEB-2016,00:00:27.177538,-6,Market Depth,1839,15,6,1839.25,12,9,1838.75,31,25,1839.5,111,25,1838.5,259,22,1839.75,24,17,1838.25,30,18,1840,34,18,1838,110,28,1840.25,39,16,1837.75,19,14,1840.5,24,17,1837.5,33,20,1840.75,25,15,1837.25,21,15,1841,33,20,1837,33,17,1841.25,46,19,1836.75,39,21,1841.5,41,21
ESH6,11-FEB-2016,00:00:27.177538,-6,Market Depth,1839,15,6,1839.25,12,9,1838.75,31,25,1839.5,111,25,1838.5,257,21,1839.75,24,17,1838.25,30,18,1840,34,18,1838,110,28,1840.25,39,16,1837.75,19,14,1840.5,24,17,1837.5,33,20,1840.75,25,15,1837.25,21,15,1841,33,20,1837,33,17,1841.25,46,19,1836.75,39,21,1841.5,41,21
ESH6,11-FEB-2016,00:00:27.177538,-6,Market Depth,1839,15,6,1839.25,12,9,1838.75,33,26,1839.5,111,25,1838.5,257,21,1839.75,24,17,1838.25,30,18,1840,34,18,1838,110,28,1840.25,39,16,1837.75,19,14,1840.5,24,17,1837.5,33,20,1840.75,25,15,1837.25,21,15,1841,33,20,1837,33,17,1841.25,46,19,1836.75,39,21,1841.5,41,21
ESH6,11-FEB-2016,00:00:27.177538,-6,Market Depth,1839,15,6,1839.25,12,9,1838.75,33,26,1839.5,110,24,1838.5,257,21,1839.75,24,17,1838.25,30,18,1840,34,18,1838,110,28,1840.25,39,16,1837.75,19,14,1840.5,24,17,1837.5,33,20,1840.75,25,15,1837.25,21,15,1841,33,20,1837,33,17,1841.25,46,19,1836.75,39,21,1841.5,41,21
ESH6,11-FEB-2016,00:00:27.177538,-6,Market Depth,1839,15,6,1839.25,12,9,1838.75,35,27,1839.5,110,24,1838.5,257,21,1839.75,24,17,1838.25,30,18,1840,34,18,1838,110,28,1840.25,39,16,1837.75,19,14,1840.5,24,17,1837.5,33,20,1840.75,25,15,1837.25,21,15,1841,33,20,1837,33,17,1841.25,46,19,1836.75,39,21,1841.5,41,21
ESH6,11-FEB-2016,00:00:27.177538,-6,Market Depth,1839,15,6,1839.25,12,9,1838.75,35,27,1839.5,110,24,1838.5,257,21,1839.75,25,18,1838.25,30,18,1840,34,18,1838,110,28,1840.25,39,16,1837.75,19,14,1840.5,24,17,1837.5,33,20,1840.75,25,15,1837.25,21,15,1841,33,20,1837,33,17,1841.25,46,19,1836.75,39,21,1841.5,41,21
ESH6,11-FEB-2016,00:00:27.177538,-6,Market Depth,1839,15,6,1839.25,12,9,1838.75,35,27,1839.5,110,24,1838.5,255,20,1839.75,25,18,1838.25,30,18,1840,34,18,1838,110,28,1840.25,39,16,1837.75,19,14,1840.5,24,17,1837.5,33,20,1840.75,25,15,1837.25,21,15,1841,33,20,1837,33,17,1841.25,46,19,1836.75,39,21,1841.5,41,21
ESH6,11-FEB-2016,00:00:27.177538,-6,Market Depth,1839,15,6,1839.25,12,9,1838.75,37,28,1839.5,110,24,1838.5,255,20,1839.75,25,18,1838.25,30,18,1840,34,18,1838,110,28,1840.25,39,16,1837.75,19,14,1840.5,24,17,1837.5,33,20,1840.75,25,15,1837.25,21,15,1841,33,20,1837,33,17,1841.25,46,19,1836.75,39,21,1841.5,41,21
ESH6,11-FEB-2016,00:00:27.177538,-6,Market Depth,1839,15,6,1839.25,12,9,1838.75,37,28,1839.5,110,24,1838.5,253,19,1839.75,25,18,1838.25,30,18,1840,34,18,1838,110,28,1840.25,39,16,1837.75,19,14,1840.5,24,17,1837.5,33,20,1840.75,25,15,1837.25,21,15,1841,33,20,1837,33,17,1841.25,46,19,1836.75,39,21,1841.5,41,21
ESH6,11-FEB-2016,00:00:27.177538,-6,Market Depth,1839,15,6,1839.25,12,9,1838.75,37,28,1839.5,108,23,1838.5,253,19,1839.75,25,18,1838.25,30,18,1840,34,18,1838,110,28,1840.25,39,16,1837.75,19,14,1840.5,24,17,1837.5,33,20,1840.75,25,15,1837.25,21,15,1841,33,20,1837,33,17,1841.25,46,19,1836.75,39,21,1841.5,41,21
ESH6,11-FEB-2016,00:00:27.177538,-6,Market Depth,1839,15,6,1839.25,12,9,1838.75,38,29,1839.5,108,23,1838.5,253,19,1839.75,25,18,1838.25,30,18,1840,34,18,1838,110,28,1840.25,39,16,1837.75,19,14,1840.5,24,17,1837.5,33,20,1840.75,25,15,1837.25,21,15,1841,33,20,1837,33,17,1841.25,46,19,1836.75,39,21,1841.5,41,21
ESH6,11-FEB-2016,00:00:27.177538,-6,Market Depth,1839,15,6,1839.25,12,9,1838.75,38,29,1839.5,108,23,1838.5,252,18,1839.75,25,18,1838.25,30,18,1840,34,18,1838,110,28,1840.25,39,16,1837.75,19,14,1840.5,24,17,1837.5,33,20,1840.75,25,15,1837.25,21,15,1841,33,20,1837,33,17,1841.25,46,19,1836.75,39,21,1841.5,41,21
ESH6,11-FEB-2016,00:00:27.177538,-6,Market Depth,1839,15,6,1839.25,12,9,1838.75,38,29,1839.5,108,23,1838.5,252,18,1839.75,27,19,1838.25,30,18,1840,34,18,1838,110,28,1840.25,39,16,1837.75,19,14,1840.5,24,17,1837.5,33,20,1840.75,25,15,1837.25,21,15,1841,33,20,1837,33,17,1841.25,46,19,1836.75,39,21,1841.5,41,21
ESH6,11-FEB-2016,00:00:27.263458,-6,Market Depth,1839,15,6,1839.25,12,9,1838.75,38,29,1839.5,106,22,1838.5,252,18,1839.75,27,19,1838.25,30,18,1840,34,18,1838,110,28,1840.25,39,16,1837.75,19,14,1840.5,24,17,1837.5,33,20,1840.75,25,15,1837.25,21,15,1841,33,20,1837,33,17,1841.25,46,19,1836.75,39,21,1841.5,41,21
ESH6,11-FEB-2016,00:00:27.263458,-6,Market Depth,1839,15,6,1839.25,12,9,1838.75,38,29,1839.5,104,21,1838.5,252,18,1839.75,27,19,1838.25,30,18,1840,34,18,1838,110,28,1840.25,39,16,1837.75,19,14,1840.5,24,17,1837.5,33,20,1840.75,25,15,1837.25,21,15,1841,33,20,1837,33,17,1841.25,46,19,1836.75,39,21,1841.5,41,21
ESH6,11-FEB-2016,00:00:27.263458,-6,Market Depth,1839,15,6,1839.25,12,9,1838.75,40,30,1839.5,104,21,1838.5,252,18,1839.75,27,19,1838.25,30,18,1840,34,18,1838,110,28,1840.25,39,16,1837.75,19,14,1840.5,24,17,1837.5,33,20,1840.75,25,15,1837.25,21,15,1841,33,20,1837,33,17,1841.25,46,19,1836.75,39,21,1841.5,41,21
ESH6,11-FEB-2016,00:00:27.263458,-6,Market Depth,1839,15,6,1839.25,12,9,1838.75,40,30,1839.5,104,21,1838.5,250,17,1839.75,27,19,1838.25,30,18,1840,34,18,1838,110,28,1840.25,39,16,1837.75,19,14,1840.5,24,17,1837.5,33,20,1840.75,25,15,1837.25,21,15,1841,33,20,1837,33,17,1841.25,46,19,1836.75,39,21,1841.5,41,21
ESH6,11-FEB-2016,00:00:27.263458,-6,Market Depth,1839,15,6,1839.25,12,9,1838.75,40,30,1839.5,104,21,1838.5,250,17,1839.75,29,20,1838.25,30,18,1840,34,18,1838,110,28,1840.25,39,16,1837.75,19,14,1840.5,24,17,1837.5,33,20,1840.75,25,15,1837.25,21,15,1841,33,20,1837,33,17,1841.25,46,19,1836.75,39,21,1841.5,41,21
ESH6,11-FEB-2016,00:00:27.263458,-6,Market Depth,1839,15,6,1839.25,12,9,1838.75,42,31,1839.5,104,21,1838.5,250,17,1839.75,29,20,1838.25,30,18,1840,34,18,1838,110,28,1840.25,39,16,1837.75,19,14,1840.5,24,17,1837.5,33,20,1840.75,25,15,1837.25,21,15,1841,33,20,1837,33,17,1841.25,46,19,1836.75,39,21,1841.5,41,21
ESH6,11-FEB-2016,00:00:27.263458,-6,Market Depth,1839,15,6,1839.25,12,9,1838.75,42,31,1839.5,104,21,1838.5,248,16,1839.75,29,20,1838.25,30,18,1840,34,18,1838,110,28,1840.25,39,16,1837.75,19,14,1840.5,24,17,1837.5,33,20,1840.75,25,15,1837.25,21,15,1841,33,20,1837,33,17,1841.25,46,19,1836.75,39,21,1841.5,41,21
ESH6,11-FEB-2016,00:00:27.263458,-6,Market Depth,1839,15,6,1839.25,12,9,1838.75,42,31,1839.5,104,21,1838.5,248,16,1839.75,31,21,1838.25,30,18,1840,34,18,1838,110,28,1840.25,39,16,1837.75,19,14,1840.5,24,17,1837.5,33,20,1840.75,25,15,1837.25,21,15,1841,33,20,1837,33,17,1841.25,46,19,1836.75,39,21,1841.5,41,21
ESH6,11-FEB-2016,00:00:27.263458,-6,Market Depth,1839,15,6,1839.25,12,9,1838.75,42,31,1839.5,102,20,1838.5,248,16,1839.75,31,21,1838.25,30,18,1840,34,18,1838,110,28,1840.25,39,16,1837.75,19,14,1840.5,24,17,1837.5,33,20,1840.75,25,15,1837.25,21,15,1841,33,20,1837,33,17,1841.25,46,19,1836.75,39,21,1841.5,41,21
ESH6,11-FEB-2016,00:00:27.263458,-6,Market Depth,1839,15,6,1839.25,12,9,1838.75,42,31,1839.5,102,20,1838.5,248,16,1839.75,33,22,1838.25,30,18,1840,34,18,1838,110,28,1840.25,39,16,1837.75,19,14,1840.5,24,17,1837.5,33,20,1840.75,25,15,1837.25,21,15,1841,33,20,1837,33,17,1841.25,46,19,1836.75,39,21,1841.5,41,21
ESH6,11-FEB-2016,00:00:27.263458,-6,Market Depth,1839,15,6,1839.25,12,9,1838.75,40,30,1839.5,102,20,1838.5,248,16,1839.75,33,22,1838.25,30,18,1840,34,18,1838,110,28,1840.25,39,16,1837.75,19,14,1840.5,24,17,1837.5,33,20,1840.75,25,15,1837.25,21,15,1841,33,20,1837,33,17,1841.25,46,19,1836.75,39,21,1841.5,41,21
ESH6,11-FEB-2016,00:00:27.263458,-6,Market Depth,1839,15,6,1839.25,12,9,1838.75,40,30,1839.5,102,20,1838.5,250,17,1839.75,33,22,1838.25,30,18,1840,34,18,1838,110,28,1840.25,39,16,1837.75,19,14,1840.5,24,17,1837.5,33,20,1840.75,25,15,1837.25,21,15,1841,33,20,1837,33,17,1841.25,46,19,1836.75,39,21,1841.5,41,21
ESH6,11-FEB-2016,00:00:27.263458,-6,Market Depth,1839,15,6,1839.25,12,9,1838.75,38,29,1839.5,102,20,1838.5,250,17,1839.75,33,22,1838.25,30,18,1840,34,18,1838,110,28,1840.25,39,16,1837.75,19,14,1840.5,24,17,1837.5,33,20,1840.75,25,15,1837.25,21,15,1841,33,20,1837,33,17,1841.25,46,19,1836.75,39,21,1841.5,41,21
ESH6,11-FEB-2016,00:00:27.263458,-6,Market Depth,1839,15,6,1839.25,12,9,1838.75,36,28,1839.5,102,20,1838.5,250,17,1839.75,33,22,1838.25,30,18,1840,34,18,1838,110,28,1840.25,39,16,1837.75,19,14,1840.5,24,17,1837.5,33,20,1840.75,25,15,1837.25,21,15,1841,33,20,1837,33,17,1841.25,46,19,1836.75,39,21,1841.5,41,21
ESH6,11-FEB-2016,00:00:28.079875,-6,Market Depth,1839,15,6,1839.25,12,9,1838.75,36,28,1839.5,102,20,1838.5,252,18,1839.75,33,22,1838.25,30,18,1840,34,18,1838,110,28,1840.25,39,16,1837.75,19,14,1840.5,24,17,1837.5,33,20,1840.75,25,15,1837.25,21,15,1841,33,20,1837,33,17,1841.25,46,19,1836.75,39,21,1841.5,41,21
ESH6,11-FEB-2016,00:00:28.079875,-6,Market Depth,1839,15,6,1839.25,12,9,1838.75,35,27,1839.5,102,20,1838.5,252,18,1839.75,33,22,1838.25,30,18,1840,34,18,1838,110,28,1840.25,39,16,1837.75,19,14,1840.5,24,17,1837.5,33,20,1840.75,25,15,1837.25,21,15,1841,33,20,1837,33,17,1841.25,46,19,1836.75,39,21,1841.5,41,21
ESH6,11-FEB-2016,00:00:28.079875,-6,Market Depth,1839,15,6,1839.25,12,9,1838.75,33,26,1839.5,102,20,1838.5,252,18,1839.75,33,22,1838.25,30,18,1840,34,18,1838,110,28,1840.25,39,16,1837.75,19,14,1840.5,24,17,1837.5,33,20,1840.75,25,15,1837.25,21,15,1841,33,20,1837,33,17,1841.25,46,19,1836.75,39,21,1841.5,41,21
ESH6,11-FEB-2016,00:00:28.079875,-6,Market Depth,1839,15,6,1839.25,12,9,1838.75,33,26,1839.5,102,20,1838.5,254,19,1839.75,33,22,1838.25,30,18,1840,34,18,1838,110,28,1840.25,39,16,1837.75,19,14,1840.5,24,17,1837.5,33,20,1840.75,25,15,1837.25,21,15,1841,33,20,1837,33,17,1841.25,46,19,1836.75,39,21,1841.5,41,21
ESH6,11-FEB-2016,00:00:28.079875,-6,Market Depth,1839,15,6,1839.25,12,9,1838.75,33,26,1839.5,102,20,1838.5,256,20,1839.75,33,22,1838.25,30,18,1840,34,18,1838,110,28,1840.25,39,16,1837.75,19,14,1840.5,24,17,1837.5,33,20,1840.75,25,15,1837.25,21,15,1841,33,20,1837,33,17,1841.25,46,19,1836.75,39,21,1841.5,41,21
ESH6,11-FEB-2016,00:00:28.079875,-6,Market Depth,1839,15,6,1839.25,12,9,1838.75,33,26,1839.5,102,20,1838.5,257,21,1839.75,33,22,1838.25,30,18,1840,34,18,1838,110,28,1840.25,39,16,1837.75,19,14,1840.5,24,17,1837.5,33,20,1840.75,25,15,1837.25,21,15,1841,33,20,1837,33,17,1841.25,46,19,1836.75,39,21,1841.5,41,21
ESH6,11-FEB-2016,00:00:28.079875,-6,Market Depth,1839,15,6,1839.25,12,9,1838.75,31,25,1839.5,102,20,1838.5,257,21,1839.75,33,22,1838.25,30,18,1840,34,18,1838,110,28,1840.25,39,16,1837.75,19,14,1840.5,24,17,1837.5,33,20,1840.75,25,15,1837.25,21,15,1841,33,20,1837,33,17,1841.25,46,19,1836.75,39,21,1841.5,41,21
ESH6,11-FEB-2016,00:00:28.079875,-6,Market Depth,1839,15,6,1839.25,12,9,1838.75,31,25,1839.5,102,20,1838.5,259,22,1839.75,33,22,1838.25,30,18,1840,34,18,1838,110,28,1840.25,39,16,1837.75,19,14,1840.5,24,17,1837.5,33,20,1840.75,25,15,1837.25,21,15,1841,33,20,1837,33,17,1841.25,46,19,1836.75,39,21,1841.5,41,21
ESH6,11-FEB-2016,00:00:28.263442,-6,Market Depth,1839,15,6,1839.25,12,9,1838.75,31,25,1839.5,104,21,1838.5,259,22,1839.75,33,22,1838.25,30,18,1840,34,18,1838,110,28,1840.25,39,16,1837.75,19,14,1840.5,24,17,1837.5,33,20,1840.75,25,15,1837.25,21,15,1841,33,20,1837,33,17,1841.25,46,19,1836.75,39,21,1841.5,41,21
ESH6,11-FEB-2016,00:00:28.263442,-6,Market Depth,1839,15,6,1839.25,12,9,1838.75,31,25,1839.5,104,21,1838.5,259,22,1839.75,31,21,1838.25,30,18,1840,34,18,1838,110,28,1840.25,39,16,1837.75,19,14,1840.5,24,17,1837.5,33,20,1840.75,25,15,1837.25,21,15,1841,33,20,1837,33,17,1841.25,46,19,1836.75,39,21,1841.5,41,21
ESH6,11-FEB-2016,00:00:28.263442,-6,Market Depth,1839,15,6,1839.25,12,9,1838.75,31,25,1839.5,106,22,1838.5,259,22,1839.75,31,21,1838.25,30,18,1840,34,18,1838,110,28,1840.25,39,16,1837.75,19,14,1840.5,24,17,1837.5,33,20,1840.75,25,15,1837.25,21,15,1841,33,20,1837,33,17,1841.25,46,19,1836.75,39,21,1841.5,41,21
ESH6,11-FEB-2016,00:00:28.263442,-6,Market Depth,1839,15,6,1839.25,12,9,1838.75,31,25,1839.5,106,22,1838.5,259,22,1839.75,29,20,1838.25,30,18,1840,34,18,1838,110,28,1840.25,39,16,1837.75,19,14,1840.5,24,17,1837.5,33,20,1840.75,25,15,1837.25,21,15,1841,33,20,1837,33,17,1841.25,46,19,1836.75,39,21,1841.5,41,21
ESH6,11-FEB-2016,00:00:28.263442,-6,Market Depth,1839,15,6,1839.25,12,9,1838.75,31,25,1839.5,108,23,1838.5,259,22,1839.75,29,20,1838.25,30,18,1840,34,18,1838,110,28,1840.25,39,16,1837.75,19,14,1840.5,24,17,1837.5,33,20,1840.75,25,15,1837.25,21,15,1841,33,20,1837,33,17,1841.25,46,19,1836.75,39,21,1841.5,41,21
ESH6,11-FEB-2016,00:00:29.261465,-6,Market Depth,1839,15,6,1839.25,12,9,1838.75,31,25,1839.5,108,23,1838.5,259,22,1839.75,27,19,1838.25,30,18,1840,34,18,1838,110,28,1840.25,39,16,1837.75,19,14,1840.5,24,17,1837.5,33,20,1840.75,25,15,1837.25,21,15,1841,33,20,1837,33,17,1841.25,46,19,1836.75,39,21,1841.5,41,21
ESH6,11-FEB-2016,00:00:29.261465,-6,Market Depth,1839,25,7,1839.25,12,9,1838.75,31,25,1839.5,108,23,1838.5,259,22,1839.75,27,19,1838.25,30,18,1840,34,18,1838,110,28,1840.25,39,16,1837.75,19,14,1840.5,24,17,1837.5,33,20,1840.75,25,15,1837.25,21,15,1841,33,20,1837,33,17,1841.25,46,19,1836.75,39,21,1841.5,41,21
ESH6,11-FEB-2016,00:00:29.261465,-6,Market Depth,1839,25,7,1839.25,22,10,1838.75,31,25,1839.5,108,23,1838.5,259,22,1839.75,27,19,1838.25,30,18,1840,34,18,1838,110,28,1840.25,39,16,1837.75,19,14,1840.5,24,17,1837.5,33,20,1840.75,25,15,1837.25,21,15,1841,33,20,1837,33,17,1841.25,46,19,1836.75,39,21,1841.5,41,21
ESH6,11-FEB-2016,00:00:29.261465,-6,Market Depth,1839,25,7,1839.25,22,10,1838.75,31,25,1839.5,108,23,1838.5,259,22,1839.75,27,19,1838.25,30,18,1840,34,18,1838,109,27,1840.25,39,16,1837.75,19,14,1840.5,24,17,1837.5,33,20,1840.75,25,15,1837.25,21,15,1841,33,20,1837,33,17,1841.25,46,19,1836.75,39,21,1841.5,41,21
ESH6,11-FEB-2016,00:00:30.261451,-6,Market Depth,1839,25,7,1839.25,17,6,1838.75,31,25,1839.5,108,23,1838.5,259,22,1839.75,27,19,1838.25,30,18,1840,34,18,1838,109,27,1840.25,39,16,1837.75,19,14,1840.5,24,17,1837.5,33,20,1840.75,25,15,1837.25,21,15,1841,33,20,1837,33,17,1841.25,46,19,1836.75,39,21,1841.5,41,21
ESH6,11-FEB-2016,00:00:30.261451,-6,Market Depth,1839,25,7,1839.25,17,6,1838.75,31,25,1839.5,110,24,1838.5,259,22,1839.75,27,19,1838.25,30,18,1840,34,18,1838,109,27,1840.25,39,16,1837.75,19,14,1840.5,24,17,1837.5,33,20,1840.75,25,15,1837.25,21,15,1841,33,20,1837,33,17,1841.25,46,19,1836.75,39,21,1841.5,41,21
ESH6,11-FEB-2016,00:00:30.261451,-6,Market Depth,1839,25,7,1839.25,17,6,1838.75,32,26,1839.5,110,24,1838.5,259,22,1839.75,27,19,1838.25,30,18,1840,34,18,1838,109,27,1840.25,39,16,1837.75,19,14,1840.5,24,17,1837.5,33,20,1840.75,25,15,1837.25,21,15,1841,33,20,1837,33,17,1841.25,46,19,1836.75,39,21,1841.5,41,21
ESH6,11-FEB-2016,00:00:31.259475,-6,Market Depth,1839,25,7,1839.25,18,7,1838.75,32,26,1839.5,110,24,1838.5,259,22,1839.75,27,19,1838.25,30,18,1840,34,18,1838,109,27,1840.25,39,16,1837.75,19,14,1840.5,24,17,1837.5,33,20,1840.75,25,15,1837.25,21,15,1841,33,20,1837,33,17,1841.25,46,19,1836.75,39,21,1841.5,41,21
ESH6,11-FEB-2016,00:00:31.259475,-6,Market Depth,1839,25,7,1839.25,18,7,1838.75,31,25,1839.5,110,24,1838.5,259,22,1839.75,27,19,1838.25,30,18,1840,34,18,1838,109,27,1840.25,39,16,1837.75,19,14,1840.5,24,17,1837.5,33,20,1840.75,25,15,1837.25,21,15,1841,33,20,1837,33,17,1841.25,46,19,1836.75,39,21,1841.5,41,21
ESH6,11-FEB-2016,00:00:31.259475,-6,Market Depth,1839,25,7,1839.25,18,7,1838.75,31,25,1839.5,110,24,1838.5,260,23,1839.75,27,19,1838.25,30,18,1840,34,18,1838,109,27,1840.25,39,16,1837.75,19,14,1840.5,24,17,1837.5,33,20,1840.75,25,15,1837.25,21,15,1841,33,20,1837,33,17,1841.25,46,19,1836.75,39,21,1841.5,41,21
ESH6,11-FEB-2016,00:00:31.259475,-6,Market Depth,1839,25,7,1839.25,17,7,1838.75,31,25,1839.5,110,24,1838.5,260,23,1839.75,27,19,1838.25,30,18,1840,34,18,1838,109,27,1840.25,39,16,1837.75,19,14,1840.5,24,17,1837.5,33,20,1840.75,25,15,1837.25,21,15,1841,33,20,1837,33,17,1841.25,46,19,1836.75,39,21,1841.5,41,21
ESH6,11-FEB-2016,00:00:31.259475,-6,Market Depth,1839,25,7,1839.25,16,7,1838.75,31,25,1839.5,110,24,1838.5,260,23,1839.75,27,19,1838.25,30,18,1840,34,18,1838,109,27,1840.25,39,16,1837.75,19,14,1840.5,24,17,1837.5,33,20,1840.75,25,15,1837.25,21,15,1841,33,20,1837,33,17,1841.25,46,19,1836.75,39,21,1841.5,41,21
ESH6,11-FEB-2016,00:00:31.259475,-6,Market Depth,1839,25,7,1839.25,16,7,1838.75,29,25,1839.5,110,24,1838.5,260,23,1839.75,27,19,1838.25,30,18,1840,34,18,1838,109,27,1840.25,39,16,1837.75,19,14,1840.5,24,17,1837.5,33,20,1840.75,25,15,1837.25,21,15,1841,33,20,1837,33,17,1841.25,46,19,1836.75,39,21,1841.5,41,21
ESH6,11-FEB-2016,00:00:31.259475,-6,Market Depth,1839,25,7,1839.25,18,8,1838.75,29,25,1839.5,110,24,1838.5,260,23,1839.75,27,19,1838.25,30,18,1840,34,18,1838,109,27,1840.25,39,16,1837.75,19,14,1840.5,24,17,1837.5,33,20,1840.75,25,15,1837.25,21,15,1841,33,20,1837,33,17,1841.25,46,19,1836.75,39,21,1841.5,41,21
ESH6,11-FEB-2016,00:00:32.133513,-6,Market Depth,1839,25,7,1839.25,14,4,1838.75,29,25,1839.5,110,24,1838.5,260,23,1839.75,27,19,1838.25,30,18,1840,34,18,1838,109,27,1840.25,39,16,1837.75,19,14,1840.5,24,17,1837.5,33,20,1840.75,25,15,1837.25,21,15,1841,33,20,1837,33,17,1841.25,46,19,1836.75,39,21,1841.5,41,21
ESH6,11-FEB-2016,00:00:32.133513,-6,Market Depth,1839,25,7,1839.25,14,4,1838.75,29,25,1839.5,113,25,1838.5,260,23,1839.75,27,19,1838.25,30,18,1840,34,18,1838,109,27,1840.25,39,16,1837.75,19,14,1840.5,24,17,1837.5,33,20,1840.75,25,15,1837.25,21,15,1841,33,20,1837,33,17,1841.25,46,19,1836.75,39,21,1841.5,41,21
ESH6,11-FEB-2016,00:00:32.133513,-6,Market Depth,1839,34,8,1839.25,14,4,1838.75,29,25,1839.5,113,25,1838.5,260,23,1839.75,27,19,1838.25,30,18,1840,34,18,1838,109,27,1840.25,39,16,1837.75,19,14,1840.5,24,17,1837.5,33,20,1840.75,25,15,1837.25,21,15,1841,33,20,1837,33,17,1841.25,46,19,1836.75,39,21,1841.5,41,21
ESH6,11-FEB-2016,00:00:32.860087,-6,Market Depth,1839,34,8,1839.25,16,5,1838.75,29,25,1839.5,113,25,1838.5,260,23,1839.75,27,19,1838.25,30,18,1840,34,18,1838,109,27,1840.25,39,16,1837.75,19,14,1840.5,24,17,1837.5,33,20,1840.75,25,15,1837.25,21,15,1841,33,20,1837,33,17,1841.25,46,19,1836.75,39,21,1841.5,41,21
ESH6,11-FEB-2016,00:00:32.860087,-6,Market Depth,1839,34,8,1839.25,16,5,1838.75,29,25,1839.5,111,24,1838.5,260,23,1839.75,27,19,1838.25,30,18,1840,34,18,1838,109,27,1840.25,39,16,1837.75,19,14,1840.5,24,17,1837.5,33,20,1840.75,25,15,1837.25,21,15,1841,33,20,1837,33,17,1841.25,46,19,1836.75,39,21,1841.5,41,21
ESH6,11-FEB-2016,00:00:32.860087,-6,Market Depth,1839,34,8,1839.25,16,5,1838.75,29,25,1839.5,111,24,1838.5,258,22,1839.75,27,19,1838.25,30,18,1840,34,18,1838,109,27,1840.25,39,16,1837.75,19,14,1840.5,24,17,1837.5,33,20,1840.75,25,15,1837.25,21,15,1841,33,20,1837,33,17,1841.25,46,19,1836.75,39,21,1841.5,41,21
ESH6,11-FEB-2016,00:00:32.860087,-6,Market Depth,1839,34,8,1839.25,16,5,1838.75,31,26,1839.5,111,24,1838.5,258,22,1839.75,27,19,1838.25,30,18,1840,34,18,1838,109,27,1840.25,39,16,1837.75,19,14,1840.5,24,17,1837.5,33,20,1840.75,25,15,1837.25,21,15,1841,33,20,1837,33,17,1841.25,46,19,1836.75,39,21,1841.5,41,21
ESH6,11-FEB-2016,00:00:32.860087,-6,Market Depth,1839,34,8,1839.25,15,4,1838.75,31,26,1839.5,111,24,1838.5,258,22,1839.75,27,19,1838.25,30,18,1840,34,18,1838,109,27,1840.25,39,16,1837.75,19,14,1840.5,24,17,1837.5,33,20,1840.75,25,15,1837.25,21,15,1841,33,20,1837,33,17,1841.25,46,19,1836.75,39,21,1841.5,41,21
ESH6,11-FEB-2016,00:00:32.860087,-6,Market Depth,1839,34,8,1839.25,14,3,1838.75,31,26,1839.5,111,24,1838.5,258,22,1839.75,27,19,1838.25,30,18,1840,34,18,1838,109,27,1840.25,39,16,1837.75,19,14,1840.5,24,17,1837.5,33,20,1840.75,25,15,1837.25,21,15,1841,33,20,1837,33,17,1841.25,46,19,1836.75,39,21,1841.5,41,21
ESH6,11-FEB-2016,00:00:32.860087,-6,Market Depth,1839,34,8,1839.25,14,3,1838.75,31,26,1839.5,109,23,1838.5,258,22,1839.75,27,19,1838.25,30,18,1840,34,18,1838,109,27,1840.25,39,16,1837.75,19,14,1840.5,24,17,1837.5,33,20,1840.75,25,15,1837.25,21,15,1841,33,20,1837,33,17,1841.25,46,19,1836.75,39,21,1841.5,41,21
ESH6,11-FEB-2016,00:00:32.860087,-6,Market Depth,1839,35,9,1839.25,14,3,1838.75,31,26,1839.5,109,23,1838.5,258,22,1839.75,27,19,1838.25,30,18,1840,34,18,1838,109,27,1840.25,39,16,1837.75,19,14,1840.5,24,17,1837.5,33,20,1840.75,25,15,1837.25,21,15,1841,33,20,1837,33,17,1841.25,46,19,1836.75,39,21,1841.5,41,21
ESH6,11-FEB-2016,00:00:32.860087,-6,Market Depth,1839,36,10,1839.25,14,3,1838.75,31,26,1839.5,109,23,1838.5,258,22,1839.75,27,19,1838.25,30,18,1840,34,18,1838,109,27,1840.25,39,16,1837.75,19,14,1840.5,24,17,1837.5,33,20,1840.75,25,15,1837.25,21,15,1841,33,20,1837,33,17,1841.25,46,19,1836.75,39,21,1841.5,41,21
ESH6,11-FEB-2016,00:00:32.860087,-6,Market Depth,1839,36,10,1839.25,14,3,1838.75,31,26,1839.5,107,22,1838.5,258,22,1839.75,27,19,1838.25,30,18,1840,34,18,1838,109,27,1840.25,39,16,1837.75,19,14,1840.5,24,17,1837.5,33,20,1840.75,25,15,1837.25,21,15,1841,33,20,1837,33,17,1841.25,46,19,1836.75,39,21,1841.5,41,21
ESH6,11-FEB-2016,00:00:32.860087,-6,Market Depth,1839,36,10,1839.25,14,3,1838.75,31,26,1839.5,105,21,1838.5,258,22,1839.75,27,19,1838.25,30,18,1840,34,18,1838,109,27,1840.25,39,16,1837.75,19,14,1840.5,24,17,1837.5,33,20,1840.75,25,15,1837.25,21,15,1841,33,20,1837,33,17,1841.25,46,19,1836.75,39,21,1841.5,41,21
ESH6,11-FEB-2016,00:00:32.860087,-6,Market Depth,1839,36,10,1839.25,14,3,1838.75,31,26,1839.5,105,21,1838.5,258,22,1839.75,29,20,1838.25,30,18,1840,34,18,1838,109,27,1840.25,39,16,1837.75,19,14,1840.5,24,17,1837.5,33,20,1840.75,25,15,1837.25,21,15,1841,33,20,1837,33,17,1841.25,46,19,1836.75,39,21,1841.5,41,21
ESH6,11-FEB-2016,00:00:32.860087,-6,Market Depth,1839,36,10,1839.25,14,3,1838.75,31,26,1839.5,104,20,1838.5,258,22,1839.75,29,20,1838.25,30,18,1840,34,18,1838,109,27,1840.25,39,16,1837.75,19,14,1840.5,24,17,1837.5,33,20,1840.75,25,15,1837.25,21,15,1841,33,20,1837,33,17,1841.25,46,19,1836.75,39,21,1841.5,41,21
ESH6,11-FEB-2016,00:00:32.860087,-6,Market Depth,1839,36,10,1839.25,14,3,1838.75,31,26,1839.5,104,20,1838.5,258,22,1839.75,31,21,1838.25,30,18,1840,34,18,1838,109,27,1840.25,39,16,1837.75,19,14,1840.5,24,17,1837.5,33,20,1840.75,25,15,1837.25,21,15,1841,33,20,1837,33,17,1841.25,46,19,1836.75,39,21,1841.5,41,21
ESH6,11-FEB-2016,00:00:32.860087,-6,Market Depth,1839,36,10,1839.25,14,3,1838.75,31,26,1839.5,104,20,1838.5,258,22,1839.75,33,22,1838.25,30,18,1840,34,18,1838,109,27,1840.25,39,16,1837.75,19,14,1840.5,24,17,1837.5,33,20,1840.75,25,15,1837.25,21,15,1841,33,20,1837,33,17,1841.25,46,19,1836.75,39,21,1841.5,41,21
ESH6,11-FEB-2016,00:00:32.860087,-6,Market Depth,1839,37,11,1839.25,14,3,1838.75,31,26,1839.5,104,20,1838.5,258,22,1839.75,33,22,1838.25,30,18,1840,34,18,1838,109,27,1840.25,39,16,1837.75,19,14,1840.5,24,17,1837.5,33,20,1840.75,25,15,1837.25,21,15,1841,33,20,1837,33,17,1841.25,46,19,1836.75,39,21,1841.5,41,21
ESH6,11-FEB-2016,00:00:32.860087,-6,Market Depth,1839,37,11,1839.25,14,3,1838.75,31,26,1839.5,102,19,1838.5,258,22,1839.75,33,22,1838.25,30,18,1840,34,18,1838,109,27,1840.25,39,16,1837.75,19,14,1840.5,24,17,1837.5,33,20,1840.75,25,15,1837.25,21,15,1841,33,20,1837,33,17,1841.25,46,19,1836.75,39,21,1841.5,41,21
